2640 4748
150 237 195 286 GL

52 444 56 449 ·
148 395 267 464 tarclto
292 392 447 475 brevius,
491 392 609 481 prouti
636 414 692 460 res
721 390 873 470 ferebat,
916 402 1088 458 narratam
1118 393 1214 469 banc
1280 414 1282 421 ·

148 483 263 551 iudico
285 480 398 548 fuisse.
448 480 631 566 Postquam
660 479 843 568 pleraeque
870 479 978 545 tribus
1008 479 1213 567 suffragium

152 571 319 651 tulerant,
363 589 470 655 eoque
500 579 643 634 ventum
682 578 772 644 erat,
815 575 854 630 ut
882 565 1054 631 Favonius
1091 567 1214 637 aedibs

151 657 262 724 creari
283 656 353 720 iam
374 677 444 720 non
462 665 592 742 posset,
615 652 699 721 Cato
720 648 877 721 fidudem
898 653 1113 724 commissam
1135 677 1214 722 esse

151 745 326 833 suspicans
348 741 486 809 tabellas
509 740 582 807 eius
611 751 696 829 puta
715 740 842 821 tribus,
877 761 965 825 quac
993 752 1215 809 momentum

149 828 294 908 fecerat,
317 828 482 918 inspexit,
507 850 649 914 easque,
672 849 760 978 puna
781 827 998 914 inspexerat,
1026 849 1096 891 uua
1121 830 1213 895 scri-

151 930 227 1007 ptas
249 939 354 985 manu
381 916 652 981 animadvertens
686 913 792 980 raude
817 912 995 979 commissa
1016 912 1214 981 dirimenda
1248 958 1251 967 -

103 1059 106 1072 .
151 1004 288 1071 comitia
304 1003 443 1070 censuit.
488 1002 572 1082 Sed,
594 1012 633 1066 ut
651 1001 801 1068 Graevio
822 1022 943 1067 omnes
964 1004 1119 1066 omnium
1140 1003 1212 1069 tri-

150 1090 417 1157 buumtabellas
439 1111 459 1153 a
482 1089 610 1156 Catone
632 1109 705 1152 esse
732 1087 899 1177 inspectus
921 1097 955 1153 et
976 1110 1047 1152 una
1065 1087 1212 1176 scriptas

33 1254 35 1259 ,
93 1232 96 1237 .
150 1199 257 1244 manu
276 1189 435 1265 repertas
468 1199 540 1243 esse
572 1174 834 1253 concedamus,·
861 1173 1033 1263 quomodo
1068 1175 1213 1241 tandem

149 1263 279 1332 fraudis
308 1263 506 1331 commissae
536 1261 764 1349 suspicionem
791 1260 827 1327 id
855 1284 996 1327 movere
1016 1261 1143 1349 potuit,
1181 1262 1214 1329 si

149 1351 294 1418 tabellae
321 1360 486 1439 putantur
514 1347 769 1419 candidatorum
798 1348 1001 1431 nominibus,⁴
1030 1348 1220 1433 insignitae.

149 1438 278 1531 populo
301 1460 373 1504 esse
398 1434 629 1503 ministratae?
673 1435 859 1501 Cuiusnam
886 1433 1025 1501 taudem
1043 1435 1212 1530 interesse

60 1560 63 1573 ·
150 1525 279 1613 potuit,
301 1523 558 1590 candidatorum
577 1520 717 1588 nomina
738 1523 908 1603 omnibus,
924 1545 1013 1671 puae
1032 1521 1212 1587 ministra-

149 1624 285 1692 rentur,
328 1611 462 1683 tabellis,
484 1609 688 1688 inscribere,
731 1620 767 1675 et
795 1630 966 1696 quomoo
998 1606 1212 1691 fraudemis

33 1693 56 1714 ⁵
149 1698 264 1787 potuit
285 1698 514 1775 committere,
546 1696 612 1762 nisi
632 1695 732 1762 unius
753 1706 812 1760 aut
831 1696 984 1784 plurium
1008 1692 1212 1763 candidata

83 1820 85 1827 ·
150 1806 232 1851 rum
254 1785 413 1866 nomina,
456 1805 542 1870 quae
562 1793 698 1871 recepta
731 1793 842 1865 erant,
874 1794 945 1859 ¹aut
973 1781 1082 1851 rarius
1105 1804 1211 1870 quam
1275 1774 1279 1801 ¹

150 1884 344 1939 ceterorum
378 1870 549 1959 scripsisse
577 1881 636 1936 aut
662 1890 803 1956 prorsus
825 1871 993 1959 ¹omisisse
1026 1870 1211 1955 censetur?

149 1960 199 2027 At
222 1958 261 2024 ui
281 1959 346 2024 hoc
377 1956 549 2046 quomodo
578 1956 726 2046 populus
754 1954 899 2039 tulisset,
930 1957 962 2025 si
982 1956 1140 2042 tabellas,
1172 1957 1211 2025 in

151 1980 272 2132 quibus
294 2045 396 2111 unius
425 2043 619 2147 pluriumve
641 2042 895 2110 candidatorum
919 2045 1059 2111 nomina
1081 2044 1212 2113 omissa
1263 2056 1265 2061 '

150 2128 308 2209 fuissent,
329 2130 536 2221 accepisset?
580 2130 682 2218 Quod
704 2150 783 2198 cum
794 2154 859 2219 per
879 2154 915 2199 se
938 2132 980 2197 ab
1002 2135 1099 2200 omui
1147 2157 1212 2200 ro-

149 2218 321 2288 babilitate
343 2219 538 2302 abhorreat,
565 2239 677 2307 neque
698 2218 804 2285 verbo
833 2218 1057 2306 significatum
1083 2157 1213 2290 al‘lu-

151 2306 269 2378 tareho
297 2306 359 2389 sit,
388 2307 457 2374 nisi
483 2307 548 2394 qui'
568 2305 706 2409 ineptit,
733 2305 888 2372 fraudem
909 2331 929 2374 a
953 2309 1084 2376 Catone
1112 2309 1213 2377 dcte-

150 2411 239 2466 ctam
256 2395 346 2463 banc
364 2394 469 2461 fuisse
489 2393 667 2477 iudicabrt,
688 2394 781 2482 quod
802 2395 960 2480 tabellae,
991 2397 1114 2483 quibus
1136 2398 1213 2466 sin-

149 2484 220 2575 guli
246 2483 337 2550 cires
367 2482 570 2570 suffragium
591 2482 745 2548 ¹ferentes
772 2484 913 2549 nomina
942 2484 1213 2567 candidatorum,

91 2576 94 2582 ’
150 2571 273 2669 quibus
295 2568 481 2652 ›faverenn
513 2569 706 2658 insculpere
733 2567 929 2652 debuerint,
965 2593 1071 2638 manu
1097 2573 1213 2654 unius,

151 2670 210 2724 aut
229 2657 274 2722 si
295 2668 352 2723 aut
379 2656 560 2742 largitione
590 2657 697 2737 facta,
726 2655 910 2747 inscriptae
936 2657 1074 2725 fuerint.
1118 2660 1211 2725 Cum

150 2746 218 2813 bec·
235 2758 350 2811 autem
371 2764 415 2810 ex
429 2742 596 2809 ‘licatione
618 2764 824 2832 quamquam
846 2747 1045 2832 neutiquam
1067 2757 1209 2835 pugnet,

152 2832 180 2898 si
202 2855 319 2899 omnes
340 2766 477 2898 tabellas
500 2844 575 2897 tum
595 2831 695 2895 unius
724 2852 828 2896 mann
859 2824 998 2920 scrip'tas
1028 2834 1209 2912 sumimus,

150 2930 266 2985 tamen
287 2930 471 3008 propterea
502 2919 567 2983 boc
587 2916 785 2982 incredibile
805 2918 893 2986 mihi
915 2920 1067 3003 videtur,
1106 2919 1210 3008 quod,

151 3009 328 3093 quomodo·
342 3005 380 3069 in
400 3003 501 3069 unius
523 3025 665 3068 manum
684 3004 859 3090 potuerint
876 3028 995 3072 omnes
1016 3008 1210 3097 pervenire,

58 3136 61 3143 ι
150 3114 221 3160 non
250 3089 459 3174 intelligitur.
510 3089 590 3162 Sive
615 3089 709 3154 euim
738 3090 840 3162 domo
869 3093 984 3158 allatas
1020 3116 1039 3159 a
1067 3092 1210 3179 singulis

150 3189 268 3269 putas,
292 3173 464 3265 quomodo
486 3176 696 3262 singulorum
716 3177 837 3243 domus
859 3202 949 3245 unus
970 3179 1211 3268 potuitadire,

151 3265 226 3333 sive
245 3265 295 3329 in*
309 3262 445 3330 comitio
466 3264 691 3340 ministratas,
729 3265 902 3351 quomodo
929 3290 1019 3333 unus
1051 3267 1210 3333 omnibus

149 3350 324 3431 tribubus,
348 3372 430 3437 quas
452 3350 600 3438 singulas
621 3350 783 3439 suffragia
803 3353 1079 3435 tulissezscimus,
1100 3354 1209 3420 inter·-

40 3474 43 3481 ·
151 3460 224 3505 esse
244 3438 378 3527 potuit?
421 3438 579 3525 Denique
600 3442 772 3525 quomodo
793 3462 901 3504 unum
919 3441 1095 3506 hominem
1118 3438 1209 3530 apud

150 3536 311 3591 cunctum
340 3525 508 3614 populum
536 3536 669 3590 tantum
696 3526 857 3591 credibile
886 3538 937 3592 est
966 3526 1126 3605 valuisse,
1170 3536 1211 3592 ut

150 3612 413 3699 uniuscuiusque
438 3611 519 3677 civis
546 3613 703 3678 tabellam
732 3613 764 3678 ei
795 3614 978 3680 inscribere
999 3615 1210 3701 permissum

139 3696 219 3763 >titt
259 3696 326 3765 Sed
347 3709 424 3764 utut
445 3698 510 3763 hoc
532 3711 599 3781 est,
639 3699 812 3767 luculento
833 3722 873 3766 ac
900 3700 1088 3766 certissimo
1110 3700 1209 3766 testi·

148 3784 267 3850 bronio
289 3785 464 3852 Plutarchi
493 3788 587 3850 locus
614 3797 680 3868 est,
712 3809 732 3851 a
760 3787 901 3874 singulis
929 3788 1058 3854 civibus
1079 3787 1119 3852 in
1146 3810 1211 3853 co·

153 3870 256 3935 mitiis
287 3872 544 3957 magistratuum
582 3872 720 3938 tabellas
754 3873 902 3941 inscribi·
933 3875 1132 3962 oportuisse.
1162 3904 1210 3925 υ·

152 3957 334 4023 Caeterum
355 3958 521 4024 Graevius
548 3959 583 4025 in
607 3983 648 4025 eo
677 3982 812 4048 quoque
835 3962 978 4041 erravit,
1008 3960 1099 4053 quod
1122 3980 1207 4025 cen-

33 4080 37 4117 3
151 4043 276 4109 turiata
297 4042 400 4110 fuisse
422 4045 558 4110 comitia
585 4045 643 4112 illa
661 4047 818 4114 >aedilicia
840 4049 997 4136 opinatus
1019 4059 1088 4127 est,
1117 4068 1208 4135 quae

151 4130 277 4196 tributa
299 4131 404 4206 fuisse
426 4154 472 4196 ex
492 4131 578 4197 meis
605 4134 643 4199 in
664 4137 853 4202 orationem
879 4136 1096 4204 Plancianam
1120 4157 1208 4226 pro·

148 4217 333 4306 legemenis
354 4219 540 4308 apparebit,
