2634 4748
992 251 995 273 ¹
1019 248 1139 305 ῼΧΧῙΙ

79 421 146 495 bat
161 438 199 485 er
225 413 301 493 ,und
328 410 439 482 haben
459 409 599 481 Ardere
625 370 1012 480 desselben'Gruoohlue
1038 408 1135 484 Ver-
1222 462 1228 475 .

49 497 52 504 ¹
78 507 264 585 bessorung
285 502 322 568 in
340 500 401 566 der
420 499 522 564 Stelle
541 497 599 564 dee
616 497 736 563 Cicero
755 519 821 650 gro
837 495 972 565 Plancio
993 517 1066 583 cap.
1088 490 1133 575 6.,

82 593 138 658 die
160 613 228 655 von
240 585 406 655 Graevius
428 605 466 649 eo
479 583 608 671 biindig
626 583 754 653 vertbei
777 585 790 650 i
813 595 826 649 t
844 605 936 662 war,
957 580 1027 647 und
1043 578 1132 646 auch

81 680 139 743 die
169 672 325 741 Erfurter
359 669 583 737 Handsehrist
618 669 773 758 bestttigt
824 681 909 748 atto,
947 669 1131 746 verlassen,
1182 729 1184 736 ,

79 762 148 830 und
170 771 293 827 anetutt
312 758 398 824 nihil
419 755 507 845 quod
531 753 687 822 diribitio
711 755 934 844 'geecbrieben
955 773 992 819 n.
1015 775 1046 840 q.
1069 747 1131 819 di.

80 848 213 929 remtio.
266 847 305 913 Ja
329 867 413 911 ‘man
448 843 509 908 hat
533 861 639 929 roger
670 863 715 907 an
754 840 815 907 der
847 839 1007 906 Latinitttt
1035 839 1129 925 jones

79 935 223 1004 Wortee
244 930 442 1018 geaweifelt.
485 927 579 996 Aber
598 928 739 1014 seitdem
759 927 819 997 hat
837 927 926 993 auch
946 925 1008 991 der
1028 919 1130 991 treff-

74 1021 166 1089 liohe
187 1020 362 1098 undgvom
384 1007 570 1082 trefflichen
592 1013 754 1095 Garatoni
781 1012 987 1102 gewiirdigte
1008 1012 1129 1079 Codex

76 1129 147 1174 von
167 1105 361 1191 Tegernsee
380 1102 472 1168 diese
493 1102 614 1169 Lesart
639 1096 795 1190 bestitigt
823 1105 872 1190 (⁸⁰,
890 1101 993 1187 Gasp.
1016 1100 1130 1171 Gara-
1225 1164 1227 1169 .

76 1193 162 1261 tonii
182 1192 224 1256 ad
243 1192 315 1258 Cic.
338 1189 401 1254 Or.
422 1210 487 1274 pro
497 1188 612 1254 Plano.
634 1188 747 1253 Curae
767 1185 927 1252 secundd.
948 1207 984 1273 p.
1002 1207 1033 1274 9.
1054 1186 1127 1252 und

78 1302 115 1368 p.
131 1277 210 1367 37).
251 1277 438 1343 Liestman
462 1272 543 1337 aber
562 1295 633 1354 nun
649 1271 805 1358 folgende
817 1272 921 1339 Stella
943 1275 1002 1338 des
1022 1274 1126 1356 Sym-

76 1368 219 1430 machus
233 1360 366 1443 Laudd.
386 1359 422 1424 in
442 1359 557 1425 Patres
577 1358 634 1424 Ill.
655 1378 689 1446 p.
700 1356 753 1422 40.
776 1356 829 1425 ed.
846 1356 1126 1448 prine.Mediol.:

79 1450 197 1534 „abeat
218 1470 297 1513 cera
321 1445 445 1534 turpis,
467 1443 615 1509 diribitio
629 1455 788 1530 corrupta
808 1445 1043 1512 clientelarum
1064 1466 1129 1511 eu-

77 1538 171 1617 neia‚
206 1534 314 1600 sitella
352 1530 510 1597 venalie“
545 1530 616 1595 und
642 1527 825 1616 vergleiobt
860 1552 942 1595 man
977 1531 1127 1598 Cicero’a

76 1624 144 1691 Fra
169 1630 263 1687 ment
284 1618 420 1685 Cornel.
443 1619 485 1683 I.=
507 1614 619 1696 „dum
640 1617 782 1683 tabellae
803 1614 1011 1698 diribentur,
1042 1616 1125 1682 dum

76 1711 120 1776 ait
195 1702 350 1785 fertur²‘;
373 1728 411 1769 eo
424 1702 510 1771 wird
527 1700 698 1785 vollends,
720 1703 819 1769 denlr’
832 1703 898 1784 ich,
919 1702 1000 1770 kein
1010 1703 1127 1773 Zwei-

75 1795 123 1862 fel
147 1793 245 1860 mehr
266 1791 367 1877 iibrig
387 1790 554 1856 bleiben.“

161 1878 268 1946 Ambi
291 1899 376 1942 uum
405 1875 569 1941 iudicium
601 1874 778 1943 Garatonii
808 1887 876 1960 eat,
919 1874 976 1963 qui
1003 1871 1042 1940 in
1073 1896 1125 1939 or.

77 1967 192 2034 Plano.
214 1965 253 2031 C.
324 1962 401 2029 .ita
422 1963 574 2028 disserit:

163 2049 364 2137 „Videntur
384 2049 522 2138 proprie
541 2047 687 2116 diriberi
704 2043 863 2128 tabellae,
905 2069 992 2135 oum¹
1004 2046 1127 2114 dantur

76 2138 259 2227 unicuique
278 2134 479 2223 suffragium
507 2136 638 2218 laturo,
666 2135 786 2203 dirimi
805 2149 938 2217 autem,
967 2158 1048 2203 cum
1068 2160 1128 2202 ee·

68 2237 256 2316 parantur,
285 2223 354 2290 lato
376 2223 554 2308 suffragio,
587 2234 621 2289 et
646 2222 691 2288 ad
719 2223 973 2290 candidatorum
1000 2245 1126 2288 nume-
1221 2292 1223 2299 ,

75 2336 155 2380 rum
181 2308 440 2398 dispertiuntur,
480 2320 518 2374 ut
547 2319 630 2394 quot
656 2307 699 2372 ad
726 2328 895 2397 quemque
922 2308 1128 2397 pertineant,

75 2398 302 2486 intelligatur:
335 2395 415 2462 hino
442 2394 602 2480 suffragia
629 2397 769 2482 proprie
797 2390 938 2472 dirimi,
969 2418 1039 2461 non
1067 2393 1126 2458 dix·

76 2483 193 2550 riberi.
237 2479 303 2544 Sed
332 2480 495 2566 quoniam
518 2482 555 2548 in
581 2481 646 2547 bae
673 2481 746 2568 ipsa
775 2480 977 2568 diremtione
1007 2476 1128 2546 distri-
1230 2485 1232 2489 ’

24 2590 28 2597 ·
77 2569 172 2634 butio
192 2565 231 2632 fit
252 2577 355 2654 atque
377 2563 513 2642 divisio,
534 2563 680 2632 diribere
701 2591 768 2656 pro
788 2568 949 2634 dirimere
970 2588 1040 2633 non
1062 2559 1128 2632 erit

77 2653 274 2720 absurdum.
316 2653 391 2717 Imo
411 2649 609 2718 diribitores
630 2675 701 2717 non
725 2655 828 2719 modo
849 2654 989 2720 tabellas
1019 2648 1128 2719 mini-

77 2753 214 2822 strasse,
250 2761 372 2803 verum
394 2737 498 2804 etiam
517 2759 713 2803 numerasse
742 2739 900 2826 suffragia
920 2731 1074 2805 traditur·
1086 2738 1128 2805 in

104 2825 250 2894 erveteri
277 2825 509 2906 adnotatione,
541 2845 644 2912 quam
669 2825 809 2911 profero
837 2825 882 2890 ad
911 2824 952 2892 C·
979 2824 1059 2894 XV.
1086 2823 1127 2892 in
1171 2856 1173 2861 ·
1211 2816 1218 2827 ’

76 2852 212 2990 ἒίεοι]η
234 2923 268 2977 et
289 2923 339 2978 est
360 2910 563 2978 verisimile:
590 2921 628 2976 ut
648 2911 750 2983 etiam
770 2922 882 2993 totum
903 2933 1025 2978 eorum
1044 2931 1127 2975 mu·

76 3023 141 3068 nus
179 2997 336 3064 videatur
376 2998 525 3065 diribitio
557 2996 730 3086 apellari.
765 2998 873 3086 ‚Ergo
905 2999 932 3064 ii
963 2996 1128 3074 diribent,

75 3088 180 3153 etiam
209 3108 288 3151 cum
315 3083 493 3151 dirimunt.
583 3082 650 3150 aud
677 3098 791 3153 tamen
825 3097 946 3176 putem
977 3082 1130 3152 diribere

77 3172 224 3240 tabellas
245 3170 312 3260 pro
333 3171 493 3237 dirimere
522 3194 606 3240 usur
632 3182 725 3239 atum
752 3163 873 3248 fidere,
906 3196 951 3239 ne
979 3195 1035 3238 ree
1056 3176 1128 3236 tatia

78 3261 231 3326 diversae
252 3280 321 3323 una
341 3251 492 3323 formula
509 3254 595 3346 eign'
623 3270 796 3340 curentur,
816 3258 909 3346 quod
929 3259 1016 3327 vidit
1035 3269 1129 3323 recte

38 3380 41 3387 ·
78 3345 262 3412 Gesnerus.
305 3342 578 3422 modicatur,
621 3344 769 3410 diribere
795 3342 988 3437 suffragia,
1030 3342 1129 3409 nulla

78 3445 131 3498 est
149 3429 359 3515 ambiguitas.
402 3429 471 3496 Hic
487 3442 602 3495 autem
622 3451 693 3494 non
708 3423 943 3497 diribittonem
963 3428 1128 3509 absolute,

77 3517 138 3587 aed
154 3514 393 3603 suffragiorum
413 3511 676 3604 diremptionem
696 3515 850 3604 intelligi,
869 3516 1024 3583 Ferretio
1041 3537 1128 3579 cou-

78 3602 248 3672 ceesen‘m.
298 3598 429 3668 Eadem
459 3605 546 3670 ratio
578 3613 629 3676 eet
654 3603 790 3669 alterius
818 3601 884 3671 loci
918 3626 948 3670 o.
980 3618 1032 3666 20.
1067 3598 1130 3665 ubi
1223 3652 1226 3658 .

17 3711 19 3715 ·
78 3687 191 3758 tribue
212 3683 374 3753 diribitae
401 3690 438 3756 h.
461 3713 491 3755 o.
520 3711 639 3776 earum
666 3684 844 3778 suffragia,
879 3687 916 3756 in
944 3689 1016 3754 soto
1044 3677 1129 3764 Eri,
1167 3742 1170 3757 ,

76 3778 116 3846 in
144 3775 264 3841 ceteris
289 3774 483 3862 descriptae.
530 3776 580 3843 Ita
606 3777 689 3842 boui
709 3778 841 3842 codices
873 3775 965 3862 apud
992 3772 1129 3840 Varrod
1167 3766 1173 3789 l

10 3938 12 3942 ,
77 3885 161 3931 nem
187 3860 302 3952 priore
328 3855 403 3941 loeo
430 3859 516 3929 dum
538 3855 734 3932 diriberttur
761 3860 956 3950 aufflagia,
985 3858 1045 3927 ubi
1072 3849 1131 3924 alii

78 3947 339 4017 dirimuntur.‘⁴

167 4030 341 4102 Sententia
364 4028 466 4118 igitur
488 4027 675 4114 Garatonii,
695 4028 854 4101 hocloco
875 4025 1025 4120 prolata,
1045 4043 1132 4117 pau-

80 4122 128 4190 oia
156 4119 269 4189 verbis
303 4118 384 4195 baeu
415 4130 478 4184 est:
521 4116 669 4190 diribere
703 4118 903 4212 suffragia,
943 4117 1133 4205 significare

79 4208 183 4278 etiam
201 4203 370 4297 potuine,
392 4220 577 4275 numerare
598 4205 794 4301 suffragio,
821 4198 880 4273 aed
902 4197 1050 4274 diribere
1073 4210 1132 4268 ta*

720 4345 735 4387 1
