2634 4748
960 315 1134 386 ,citavit
1272 340 1279 367 .

86 499 219 565 autem,
238 479 343 557 fuitse
362 476 537 557 librarios,
561 477 621 567 qui
642 498 706 570 pro
728 474 801 546 aliis
821 476 966 551 verbum
986 476 1137 547 diribere
1187 530 1190 551 2

89 571 281 666 posuerint,
301 565 448 636 hominis
470 565 670 632 est‘raticnc
692 586 763 632 non
784 575 823 631 ut
844 565 937 631 entis.

174 659 247 725 Iam
266 656 303 723 in
324 663 407 720 orat.
428 651 542 739 Plano.
566 651 606 718 C.
626 651 691 719 Vl.
713 653 819 752 §.140
849 651 1006 723 diribitio
1026 662 1077 718 est
1096 650 1135 718 in

88 744 256 815 codicibus
295 736 591 830 praestantissimis
632 760 805 815 omnium,
842 749 1006 827 quotquot
1042 736 1137 804 illam
1222 786 1225 790 .

72 839 266 904 ¹servarunt
318 824 438 892 esteris
466 824 673 907 orationem,
702 824 741 892 in
771 823 935 905 Bararico
957 835 993 891 et
1012 822 1137 888 Erfur-

85 931 200 998 tense,
238 850 435 1002 quilluscum
463 908 680 998 consentiunt
708 922 853 996 quatuor
881 909 1070 979 Britannici
1096 910 1142 994 C,-

85 1005 139 1083 H,
161 1007 204 1089 S,
224 1002 270 1068 Τ.
310 999 406 1065 Idem
426 996 529 1064 etiam
550 996 671 1065 Peon
693 996 863 1065 Victorius
892 998 1040 1084 margini
1061 994 1144 1064 edi-

85 1090 188 1163 tionis
208 1084 355 1157 Aldinae
383 1081 568 1173 adscripsit
609 1082 746 1172 Reliqui
770 1084 900 1152 codices
921 1105 1033 1174 paene
1060 1104 1140 1150 om-

88 1199 150 1243 nes
171 1172 338 1263 direptio,
361 1190 479 1234 omnes
501 1177 610 1248 certe,
631 1186 781 1256 quorum·
798 1193 903 1260 penes
925 1192 983 1238 me
1004 1169 1139 1237 collatio
1217 1172 1220 1179 '

90 1273 157 1344 est,
183 1272 253 1326 tres
274 1257 516 1334 Monacenses,
537 1253 679 1325 totidem
705 1255 947 1341 Laurentiani,
974 1256 1139 1325 tetidem-

89 1370 159 1435 que
186 1341 352 1425 Parisini,
397 1350 431 1406 et
459 1337 670 1407 Dresdensis.
712 1340 810 1409 Unus
838 1343 1052 1411 Britannicus
1077 1341 1139 1409 di.
1231 1342 1234 1348 '
1273 1416 1277 1428 ,

89 1431 197 1500 rectio
218 1428 330 1496 habet.
354 1428 476 1495 'Errat
504 1437 619 1498 autem
646 1424 868 1511 Garatoniue,
896 1430 971 1516 qui
991 1429 1140 1499 verbum

90 1516 241 1605 direptio
268 1513 319 1581 nil
347 1512 415 1581 nisi
444 1509 715 1599 depravationem
744 1513 929 1602 scripturae
954 1512 1141 1604 diremptio

90 1604 227 1672 iudicat.
274 1599 405 1671 Mirum
432 1597 526 1663 enim
553 1595 657 1682 foret,
692 1597 723 1667 ei
751 1603 896 1666 verbum
925 1599 1010 1668 illud
1037 1623 1141 1690 saepe

66 1725 71 1740 x
90 1690 232 1758 obvium
252 1707 273 1752 a
292 1696 343 1753 tot
362 1683 508 1751 librariis
522 1695 689 1749 mutatum
710 1699 805 1771 esset,
823 1684 1011 1754 mirabilius
1026 1687 1141 1771 etiam,

91 1778 119 1844 si
142 1797 189 1841 ex
210 1795 252 1839 eo
274 1766 629 1871 qnisquamdiribitio
649 1768 796 1840 fecisset.
837 1773 1001 1860 Verbum¹
1025 1783 1143 1843 autem

91 1857 280 1950 diremptio
309 1867 371 1923 etsi
392 1854 497 1922 estin
521 1853 720 1924 editionibus
740 1857 868 1946 aliquot
894 1856 1058 1947 antiquis,
1095 1882 1142 1931 ex

90 1947 186 2016 nullo
207 1958 321 2013 tamen
336 1940 452 2010 codice
472 1939 595 2010 diserte
615 1954 788 2010 enotatum
806 1955 867 2013 est
895 1944 970 2011 Imo
991 1944 1144 2014 certissi-

92 2055 190 2102 mum
212 2041 262 2099 est
276 2028 423 2132 direptio
437 2041 550 2096 ortum
570 2051 616 2095 ex
635 2027 791 2098 diribitio
812 2054 897 2115 esse,
919 2053 1015 2116 cum,
1036 2043 1076 2105 ut
1096 2054 1144 2100 ex

92 2118 210 2189 multis
240 2117 369 2205 patebrt
389 2114 492 2197 locis,
519 2112 685 2198 diribere,
714 2113 888 2201 diribitio,
917 2128 952 2185 et
981 2117 1143 2191 diribitor

91 2206 134 2273 ab
162 2201 305 2271 indoctis
333 2198 481 2270 librariis
509 2200 703 2290 saepissimo
722 2201 760 2270 in
782 2201 951 2293 diripere,
982 2204 1144 2298 direptio,

91 2303 126 2360 et
147 2289 302 2378 direptor
322 2297 450 2355 mutata
471 2284 548 2351 sint.

175 2377 216 2449 In
243 2384 329 2446 orat.
362 2373 476 2440 Plano.
500 2371 540 2440 C.
569 2369 647 2440 XX·
677 2374 708 2460 Β.
729 2370 785 2475 49.
812 2373 918 2441 iidem
938 2372 1014 2441 libri
1040 2387 1146 2529 prae-a]
1255 2397 1257 2400 ·

90 2459 297 2539 stantissimi,
318 2457 498 2526 Bavaricus
516 2469 551 2529 et
567 2452 790 2544 Ertntenns,
811 2471 949 2529 tuentur
968 2460 1041 2531 diri
1060 2462 1147 2543 irae,

89 2549 155 2624 reli
178 2547 215 2611 ui
240 2545 366 2612 habent
391 2543 599 2637 descriptae,
633 2543 741 2614 trihus
762 2569 844 2615 exce
869 2548 911 2615 tis
939 2546 1146 2616 Britannicis

93 2636 140 2717 G,
157 2571 218 2716 is,
238 2632 299 2725 25,
327 2631 365 2699 in
390 2629 512 2718 quibus
534 2631 721 2718 rescriptae
743 2644 805 2701 est.
844 2571 1041 2721 linumque
1061 2657 1147 2700 vcr-

92 2722 177 2792 bum
197 2729 234 2786 et
252 2717 449 2819 descriptae
471 2726 503 2786 et
518 2713 708 2805 rescriptae
729 2739 751 2784 a
771 2739 872 2786 sensu
888 2720 957 2787 loci
978 2718 1147 2787 alienissi-

92 2829 191 2876 mum
213 2827 294 2889 esse,
317 2802 550 2891 onginemque
570 2801 709 2873 duxisse
729 2824 773 2870 ex
788 2803 897 2892 glossa
915 2826 1019 2895 super
1036 2806 1145 2877 verbo

94 2891 257 2968 diribitae
278 2891 344 2958 scri
368 2901 421 2973 ta,
441 2887 531 2955 infra
550 2886 639 2955 adli
661 2886 780 2958 uidam
802 2889 997 2979 perducam.

179 2979 219 3046 In
240 2989 323 3050 orat.
344 2915 464 3045 licon.
487 2975 527 3074 O,
541 2973 620 3044 XV·
640 2909 675 3067 ἓ
696 2974 748 3042 56.
770 2975 879 3045 codex
899 2977 1067 3060 omnium,
1088 2978 1149 3067 qui

93 3065 284 3136 orationem
311 3063 406 3131 illam
435 3073 627 3143 continent,
653 3062 922 3150 antiquissimus,
963 3064 1150 3134 Vaticanus

94 3150 293 3225 diribitores
311 3149 449 3228 babet,
494 3170 641 3240 quocum
669 3163 762 3218 recte
796 3149 1019 3220 Garatonitn.
1040 3150 1147 3220 etiem

94 3241 177 3310 alins
197 3237 308 3305 facere
330 3235 462 3321 codices
492 3256 536 3303 ex
565 3257 607 3304 eo
629 3235 707 3302 colli
730 3240 774 3315 it,
811 3239 903 3325 quod
931 3237 1024 3305 idem
1045 3238 1149 3305 Nau-

118 3327 206 3392 erius
230 3325 267 3390 in
286 3334 382 3390 textu
401 3321 534 3410 posuit,
563 3342 666 3410 quem
687 3259 745 3388 aiii
765 3337 843 3391 sunt
860 3325 968 3390 secuti
991 3324 1151 3395 editores.¹

94 3351 300 3479 ilrlnrtensis
319 3419 370 3484 et,
390 3419 555 3495 quantum
576 3405 664 3490 scio,
694 3407 820 3497 reliqui
840 3432 959 3477 omnes
979 3411 1046 3477 scri
1073 3422 1150 3484 tum

94 3497 308 3583 reliquerunt
336 3493 591 3561 distributores.
631 3493 702 3560 Eos
731 3494 824 3596 ipsos
858 3507 975 3564 autom
1003 3518 1043 3561 co
1070 3495 1149 3583 ces,

95 3584 155 3676 qui
175 3577 414 3648 distributores
433 3578 578 3661 habent,
598 3578 732 3669 saepius
751 3605 789 3664 rn
808 3581 863 3649 illa
884 3581 1036 3649 oratione
1052 3585 1150 3669 ‘glos-

95 3694 149 3746 sas
193 3690 234 3733 ro
253 3664 408 3754 genuinis
430 3664 545 3733 verbis
566 3665 634 3733 scri
659 3667 757 3750 sisse,
778 3690 882 3760 supra
902 3679 1076 3740 osunsum
1095 3678 1170 3742 cst'

64 3762 67 3768 '
95 3781 132 3848 p.
152 3690 241 3825 llll
265 3772 314 3839 sq.
336 3773 370 3842 p.
392 3750 508 3820 XLV.
532 3761 568 3819 et
584 3774 617 3842 p·
707 3754 781 3821 Vll.

182 3844 225 3909 In
247 3850 333 3906 orat.
354 3847 432 3930 post
452 3836 526 3904 red.
552 3837 691 3906 in‘Sen.
715 3838 754 3906 O.
775 3839 837 3914 XI.
866 3839 897 3926 ς.
919 3836 972 3908 28.
993 3841 1151 3935 plerique

95 3930 174 3998 libri
200 3924 398 3995 diribitores
427 3935 625 4005 servarunt,
661 3925 754 3993 unde
781 3938 974 3997 constanter
1000 3930 1149 4012 editores

96 4020 186 4085 hanc
224 4022 427 4102 receperunt
461 4008 652 4076 lectionem.
710 4012 883 4080 Tueretur
916 4014 1019 4083 etiarn
1055 4018 1180 4095 solus,

97 4103 299 4179 Vaticanus,
332 4119 435 4188 quem
456 4094 495 4163 in
515 4098 591 4161 loco
612 4095 672 4162 illo
693 4109 779 4163 orat.
800 4098 1020 4184 Pisonianae,
1058 4127 1149 4192 quo-

98 4213 176 4254 cum
192 4189 248 4255 hic
269 4206 454 4270 congruere
468 4181 584 4262 debet,
609 4180 805 4252 diribitores
821 4187 971 4254 scribere
988 4189 1149 4260 vidimust
1166 4264 1177 4279 ,

97 4272 301 4344 Erbrrtcnsis
328 4282 442 4341 tanen
469 4268 605 4356 duoque
631 4268 820 4340 Britannici
849 4272 887 4341 H
915 4276 995 4342 etS
1023 4277 1150 4347 bahent
