2634 4748
148 270 150 275 ’
167 275 247 335 viu

48 477 57 493 .-
169 431 282 497 denuo
303 429 529 510 contulimus,
568 452 613 499 ex
633 430 736 498 variis
756 430 973 514 lectionibus,
1004 454 1087 520 quas
1110 435 1220 502 Grae-

169 515 246 581 vius
268 526 302 582 et
323 537 385 602 ego
406 540 450 584 ex
472 541 512 583 eo
535 517 760 601 enotavimus,
794 517 896 584 facile
917 518 1069 585 diversos
1090 543 1153 586 nos
1175 522 1221 591 li·

51 662 55 669 .
168 601 247 668 bros
269 602 476 669 consuluisse
497 604 685 670 existimari
705 616 828 692 posset.
854 605 926 671 Iam
938 626 1006 692 quo
1020 607 1156 693 gravior
1170 619 1222 674 cst

164 685 291 754 'codicis
309 689 401 756 iliius
421 690 511 778 apud
529 686 696 756 homines'
708 691 822 763 doctos
845 692 1031 775 auctoritas,
1048 715 1088 757 eo
1110 693 1221 758 maio·

166 797 242 840 rem
263 797 321 840 me
339 773 482 925 fortiam
501 776 592 873 apud
614 775 930 843 eosdeminiturnm
943 778 1117 857 existimo,
1128 779 1219 864 quod

79 866 103 927 sp
167 862 279 926 denuo
303 861 337 928 di
351 862 557 951 igentissime
579 885 659 928 eum
689 863 844 929 consului
872 864 1140 950 varietatemque
1167 865 1220 930 le-

167 946 304 1028 ctionis,
328 970 373 1013 ex
394 972 435 1015 eo
457 958 645 1031 enotatam,
667 959 771 1019 totam
791 949 882 1038 typis
903 950 1135 1018 excudendum
1156 974 1219 1015 cu-

49 1088 51 1093 ,
92 1062 93 1067 1
165 1031 252 1112 ravi,
296 1033 377 1120 Quo
404 1037 520 1103 verius
544 1047 659 1101 cutem
687 1035 729 1101 de
754 1049 883 1124 pretio,
926 1037 1017 1124 quod
1039 1035 1148 1102 codici
1166 1036 1218 1102 illi

166 1121 382 1185 staluendum
403 1120 465 1202 sit,
485 1120 527 1186 ab
549 1120 706 1187 omnibus
726 1123 832 1206 possit
852 1120 1008 1204 iudicari,
1028 1123 1218 1189 necessario

72 1248 78 1261 ι
165 1204 221 1270 hio
241 1204 283 1271 de
303 1204 505 1275 formosius
532 1218 566 1273 et
593 1208 753 1286 materia,
790 1206 834 1272 de
860 1209 1011 1292 sacculo,
1049 1211 1104 1276 cui
1132 1208 1239 1275 assi--

164 1292 316 1383 gnandus
338 1292 502 1374 videatur,
523 1293 567 1359 de
588 1294 719 1384 scriptis
730 1293 916 1376 Ciceronis,
937 1317 1024 1383 quoe
1040 1296 1219 1374 contineat,

165 1378 322 1534 ῖῑῶιέῗηὲη
335 1378 473 1468 singulis
493 1378 561 1449 illis
582 1391 648 1469 qu'a
668 1380 712 1449 sit
732 1381 952 1467 auctoritate,
975 1380 1217 1474 exponendum

300 1508 313 1534 .
826 1521 828 1525 ,

278 1624 343 1700 De
357 1627 512 1724 forma,
535 1618 713 1722 materici,
738 1636 775 1698 et
800 1627 1100 1713 aetaterodicis.

251 1730 380 1822 Codex*
396 1766 447 1820 est
467 1755 744 1820 membranaceus
770 1752 809 1819 in
832 1751 893 1825 fol,
918 1755 1091 1835 maximo,
1129 1756 1215 1824 binis

165 1836 334 1906 columnis
353 1840 603 1908 accuratissime
623 1850 800 1918 exaratus,
830 1838 879 1906 ite
901 1853 940 1908 ut
960 1842 1109 1930 singulae
1130 1866 1216 1928 qua-

165 1925 330 2014 dragenos
365 1937 520 2015 septenos
555 1913 673 1992 versui
706 1924 762 1990 vel
792 1925 901 1993 lineus
941 1929 1216 2016 complectantur.

59 2071 61 2076 .
93 2074 95 2081 ,
165 2006 297 2098 Singuli
317 2011 407 2078 tituli
427 2011 635 2079 orationibus
654 2009 860 2098 reliquisque
881 2010 1052 2082 Ciceronis
1070 2014 1215 2102 scriptis,

164 2119 252 2182 quae
286 2099 453 2181 continet,
495 2096 642 2187 praefixi
673 2095 793 2164 litteris
825 2097 922 2164 rubri
945 2100 1070 2166 coloris
1099 2100 1214 2186 scripti

149 2185 253 2248 sunt.
288 2185 423 2252 Eodem
445 2186 557 2260 colore
578 2183 690 2272 prima
712 2204 866 2271 quaeque
886 2184 995 2251 littera
1017 2185 1121 2264 verbi,
1145 2207 1212 2271 quo

163 2289 292 2335 novum
323 2271 486 2360 scriptum
512 2270 709 2352 inchoetur,
751 2268 794 2335 de
818 2269 885 2336 icta
907 2281 966 2335 est.
994 2270 1091 2355 ,Non
1116 2281 1213 2336 vacat

162 2353 440 2440 correctionibus,
462 2378 548 2445 quae
565 2378 657 2423 nuno
678 2354 781 2421 abeo
806 2376 860 2421 em
879 2375 993 2436 manu,
1015 2377 1081 2442 qua
1102 2367 1212 2422 textus

161 2442 309 2530 scriptus
330 2444 389 2526 est,
411 2466 502 2511 nuno
524 2443 875 2523 ebrocentioresunt
920 2437 1082 2525 rofectee,
1102 2464 1213 2530 neque

161 2527 300 2616 glossis,
320 2551 345 2595 u
361 2528 475 2621 prima
495 2531 701 2619 plerumque
719 2549 823 2593 manu
841 2464 972 2595 adibis
1024 2582 1026 2587 ,

63 2624 72 2630 ”
248 2616 363 2684 Primo
390 2615 473 2683 folio
489 2619 585 2685 baec
608 2626 689 2681 sunt
710 2615 752 2681 ab
773 2635 878 2681 manu
898 2613 1070 2700 aliquanto
1091 2634 1213 2677 rocen-

160 2697 248 2767 tiore
278 2725 381 2790 quam
412 2726 453 2770 ea
481 2715 550 2787 est,
592 2722 677 2791 quae
699 2700 871 2768 Ciceronis
896 2699 1003 2767 verba
1024 2697 1214 2787 descripsit,

161 2800 298 2854 exarata
310 2789 442 2856 'verbat

225 2875 374 2955 ·„Istud
399 2875 609 2944 Theloneum
638 2868 739 2939 debet
759 2869 917 2956 persolvi
944 2867 1007 2937 Ad
1029 2868 1213 2959 Confluen-

91 2995 94 3001 ·
160 2956 260 3024 tiam.
304 2959 361 3026 De
384 2962 468 3049 Hoy
487 2963 661 3028 venientes
682 2953 805 3022 debent
826 2957 912 3025 dare
934 2956 977 3023 de
1000 2978 1211 3044 unaquoque

159 3061 374 3112 corennum
391 3043 739 3112 enenmoaldarium.
760 3055 794 3108 et
816 3043 877 3109 ·I[·
901 3041 1069 3109 baccinis.
1091 3053 1126 3106 et
1149 3040 1211 3108 ·II·

6 3120 10 3126 ’
90 3138 93 3143 ’
159 3131 365 3198 denariatas
392 3132 495 3200 vini·
516 3129 566 3198 Et
594 3130 637 3196 de
657 3129 797 3197 Dinoni
822 3128 997 3196 similiter.
1041 3129 1213 3195 Similiter
1294 3184 1298 3190 .

160 3215 202 3280 de
222 3214 356 3282 Nema.
389 3230 422 3283 et
443 3241 559 3284 omnes
582 3238 688 3284 naves
709 3215 751 3279 de
771 3215 874 3283 Mosa
895 3217 1070 3282 venientes
1091 3214 1136 3282 de
1157 3213 1212 3278 bis

153 3301 323 3391 predictis
351 3302 448 3372 locis.
485 3314 520 3372 et
551 3305 593 3372 de
625 3299 779 3369 omnibus
807 3300 1091 3370 interiacentibus
1119 3300 1212 3367 idem

158 3389 309 3472 vectigal
354 3389 539 3457 ersoivnnt·
572 3389 628 3455 De
649 3387 779 3453 Leodic
798 3411 879 3454 cero
894 3384 1212 3462 venientesdebeat

159 3472 246 3540 dore
265 3411 390 3564 peliim
411 3475 534 3542 arietis
552 3476 601 3541 od
621 3473 870 3563 coopertorium
891 3473 1017 3575 sellae:
1037 3474 1130 3561 qnod
1153 3472 1211 3540 di-

159 3578 251 3642 citur
265 3575 472 3666 Huicieseld.
491 3588 526 3644 et
543 3577 584 3644 ·I·
603 3600 754 3644 caseum.
766 3589 802 3642 st
821 3577 883 3644 ἸΙ·
906 3577 1016 3643 denen
1035 3574 1121 3644 cini·
1154 3574 1211 3641 De

157 3661 357 3751 Antvverfn
379 3664 553 3730 similiter.
587 3665 644 3732 De
665 3661 809 3730 Bonwlo
831 3661 953 3729 debent
975 3661 1126 3728 dare-J·
1147 3685 1210 3727 ca-

159 3770 266 3814 seum.
302 3761 336 3815 et
358 3749 448 3816 dnos
468 3747 674 3820 denariatas
695 3749 779 3817 vini.
822 3750 879 3817 De
901 3747 1122 3816 Herevverde
1144 3745 1210 3809 de-

160 3835 239 3900 bent
260 3835 346 3901 dore
369 3836 411 3902 ·I·
442 3835 568 3903 bonum
597 3835 798 3901 salmonem.
861 3834 919 3900 De
953 3835 1074 3902 Tbiele
1104 3843 1139 3898 et
1166 3832 1210 3897 de

158 3919 422 3987 omnibucvlocis
442 3919 763 4011 comprimentibus
783 3923 958 3988 venientes
981 3922 1105 3986 debent
1126 3918 1211 3985 cirre

160 4009 205 4073 de
226 4014 437 4097 unoquoque
456 4031 546 4075 noce
568 4013 607 4072 Ἰ·
628 4009 754 4072 bonnm
775 4008 966 4073 salmonem
985 4031 1050 4096 pro
1072 4008 1208 4073 honore.

118 4138 127 4150 ·
160 4119 194 4174 et
218 4110 278 4178 ·II·
301 4106 472 4176 dentoini.
520 4111 579 4178 'De
605 4109 766 4178 Treiecto
791 4110 975 4178 venientes.
999 4108 1044 4174 de
1064 4109 1209 4181 Pascha

162 4218 271 4286 iisqne
291 4197 328 4262 in
350 4204 592 4290 autumpnum·
621 4195 739 4266 debent
760 4194 846 4264 dare
868 4196 910 4264 Ἰ·
934 4194 1056 4282 bonnm
1078 4196 1206 4262 solmo-
