2634 4748
1081 300 1145 347 cxl

183 457 278 524 Idem
298 468 375 546 post
395 456 615 525 Pisonianam
636 458 823 522 orationem
844 457 928 525 haec
950 456 1145 548 adscripsit&

184 543 287 627 „Hor
308 555 438 631 reptem
467 542 598 631 (utqui,
633 543 819 610 Bandiniue
841 544 974 625 obiicit,
1009 544 1150 612 neaniai

45 681 50 688 .
101 634 248 721 quinque
274 640 558 721 praecesserunt,
595 651 663 716 pro
694 631 843 698 Caecina
870 654 959 713 uuo,
1001 634 1044 698 de
1070 632 1148 698 Iee
1247 658 1287 677 ··

100 717 246 807 agrario
275 725 363 798 trec,
406 715 442 800 iu
467 716 629 783 Pisonem
656 716 804 805 denique
834 716 918 806 una)
949 719 1001 787 M.
1035 653 1149 785 Tollit

99 804 311 886 Orationes„
337 807 427 891 quoe
447 813 553 870 anteo
581 800 685 892 cubio
708 813 900 891 temporum
920 804 1017 894 apud
1034 805 1148 873 Italae

77 893 140 958 'de
165 889 300 956 erditoe
324 900 443 969 erant,
479 891 639 976 Poggius
665 887 908 973 Florentinue,
939 890 1149 979 perquisitis

95 915 263 1067 pliirimie
284 974 442 1055 Galliae,
475 970 754 1064 Germaniaeque
773 972 908 1059 tumme
929 999 1011 1044 cum
1031 976 1150 1044 erudio
1264 1045 1269 1055 ,

99 1088 143 1129 uc
165 1060 349 1150 diligentie
371 1057 599 1142 bibliothecis,
638 1084 745 1151 quum
764 1062 911 1130 latenter
931 1065 1151 1152 comperieaet

99 1152 137 1216 in
159 1148 319 1237 squalore
340 1157 375 1214 et
395 1146 569 1232 cordibus,
605 1148 642 1214 in
665 1150 901 1227 lucemaolue
923 1150 1075 1234 extulit,
1108 1172 1152 1216 ac

100 1239 138 1302 io
162 1236 355 1336 pristinum
383 1233 594 1323 dignitatem
624 1232 847 1324 decoremque
867 1235 1053 1306 'reatituena
1072 1234 1152 1304 Lu·-

98 1322 186 1390 einis
208 1320 321 1388 Murio
341 1317 508 1388 dicerit.“
1151 1337 1155 1346 “

165 1496 167 1502 -
189 1458 305 1543 Itaque
323 1454 361 1521 in
376 1454 492 1539 Gallia
513 1455 765 1542 Germaniaque
785 1456 1155 1547 nil1il‘in1pedit,quo-

102 1546 218 1613 minus
242 1543 362 1609 eodem
384 1555 548 1632 tempore,
570 1565 637 1633 quo
658 1543 806 1630 Poggius
826 1544 954 1630 aliquot
975 1545 1157 1626 orationes,

104 1655 191 1722 quae
212 1629 379 1698 latuerant
401 1630 519 1712 Italos,
554 1630 697 1718 reperit,
741 1629 824 1694 alios
846 1630 999 1697 extitisse
1020 1630 1156 1697 codices

103 1718 251 1786 eiusdem
275 1716 465 1804 argumenti
487 1727 694 1796 statuamus,
757 1725 883 1781 uorum
911 1717 1009 1804 copia
1029 1716 1156 1803 Poggio

105 1829 176 1873 non
196 1805 242 1871 ait
261 1803 361 1871 faeta,
404 1801 513 1890 Quid,
537 1802 628 1890 quod
648 1802 684 1867 in
708 1738 910 1868 bibliotheca
930 1805 1157 1869 Laurentiano

105 1895 187 1961 item
216 1891 348 1956 codices
376 1889 536 1972 videntur
556 1888 704 1966 servari,
750 1888 864 1955 seculo
884 1888 980 1968 XlII.
1002 1901 1037 1956 et
1056 1889 1155 1957 XIV.

111 1977 241 2064 scripti,
278 1977 315 2043 in
345 1974 466 2066 quibus
489 1987 568 2041 aunt
590 1973 692 2042 etiam
713 1975 900 2062 orationes,
933 1999 1019 2064 quae
1040 1975 1156 2044 ceculo
1231 2048 1234 2061 Ι

111 2064 189 2132 XV·
221 2075 298 2130 ante
319 2061 444 2147 Poggii
473 2061 675 2130 inventum>
708 2084 823 2127 rorsus
849 2062 887 2127 iu
914 2061 1009 2131 Italia
1036 2061 1159 2129 crede-

108 2151 226 2216 bantur
247 2147 456 2216 desiderari?
494 2148 544 2213 Ita
564 2159 656 2214 certe
726 2146 864 2226 odiniua
884 2148 917 2236 p,
939 2147 1015 2217 453.
1052 2149 1159 2216 Codi-

107 2260 180 2303 cem
201 2236 325 2306 XXW
345 2235 432 2323 plut.
453 2233 635 2312 XLVIII„
674 2236 732 2321 qui
761 2235 852 2300 inter
876 2235 961 2301 alias
989 2236 1158 2301 orationes

107 2323 209 2389 etiam
232 2330 332 2398 eam,
349 2343 436 2410 quae
456 2341 520 2410 pro
541 2322 587 2388 A.
610 2320 753 2390 Caecina
773 2321 886 2386 habita
908 2333 976 2401 ert,
998 2322 1186 2399 continet*

105 2410 220 2474 seculo
241 2408 333 2474 XIII.
356 2407 512 2491 assignat.
553 2409 593 2474 In
614 2430 682 2494 qua
702 2429 741 2472 re
761 2429 967 2495 quamquam
987 2407 1161 2475 Amedeue

107 2497 247 2579 Peyron
264 2494 302 2556 in
324 2491 375 2559 M.
397 2493 493 2559 Tulli
514 2494 584 2562 Cic.
600 2495 710 2562 Oratt.
722 2513 786 2582 pro
807 2496 935 2562 Scauro
958 2507 1020 2562 eto.
1038 2494 1160 2583 fragm.

110 2576 268 2675 ined3p.
299 2579 374 2668 259.
391 2591 517 2662 aperte
544 2602 661 2647 errare
680 2579 891 2649 Bandioium
918 2582 1092 2654 contendit
1117 2582 1160 2648 ob

111 2683 320 2763 eamo1peam
343 2672 501 2743 caueam,
531 2660 623 2750 quod
645 2667 752 2735 codex
773 2668 832 2733 ille
855 2668 980 2756 aliquot
1004 2691 1048 2736 ex
1067 2669 1161 2756 Pog-
1282 2704 1289 2721 .

111 2750 216 2834 gianle
239 2745 459 2817 ‘orationibus
487 2749 666 2848 ipsamque
698 2751 885 2820 orationem
918 2777 982 2842 pro
1014 2756 1163 2821 Caecina

110 2837 247 2918 lrabeat3
269 2847 383 2902 tamen
404 2858 529 2921 nescro,
550 2858 593 2903 an
614 2835 731 2906 verior.
744 2838 903 2909 Bandinii
923 2841 1088 2907 sententia
1109 2840 1163 2921 eit,
1209 2864 1212 2869 ⁴
1258 2849 1261 2853 ’

112 2924 170 3011 qui
191 2921 318 3011 optime
339 2921 381 2989 de
403 2924 557 2989 codicum
570 2936 677 2992 aetate
695 2925 847 2994 iudicare
862 2925 1045 2998 didicisset.·-
1068 2927 1164 2994 Idem

112 3010 166 3075 vir
198 3009 443 3091 eruditissimus
473 3009 631 3078 ,eiusdem
665 3013 751 3098 plut.
783 3013 934 3080 codicem
962 3015 1101 3082 XXVI.
1130 3037 1164 3101 p.

113 3096 208 3174 455„
274 3097 310 3162 ui
336 3094 426 3162 idem
450 3097 636 3164 orationem
658 3099 900 3167 Caecinianam
922 3101 1081 3182 conduct,
1107 3122 1163 3166 se-

112 3183 188 3250 culo
208 3181 260 3249 XI
297 3225 306 3247 .
334 3180 498 3271 scriptum
520 3207 592 3251 erae
613 3184 705 3252 dicit.
907 3256 909 3260 ,
1069 3255 1071 3258 ⁴

196 3299 261 3366 Sed
282 3300 451 3388 ‘quicquid
477 3302 520 3368 de
551 3302 729 3370 codicibus·
742 3303 811 3368 illia
832 3300 1070 3370 Laurentianie
1094 3314 1165 3369 sta-

116 3396 244 3467 tuatur,
286 3386 351 3452 hoc
381 3401 512 3456 certum
535 3400 602 3469 eat,
642 3411 703 3469 eo,
728 3389 830 3492 ⁸quod
851 3389 936 3456 liber
957 3387 1166 3456 Erlurtensie
1199 3430 1200 3434 =

115 3473 283 3539 orationes
303 3474 396 3557 illas,
428 3475 594 3563 aPoggio
623 3473 659 3540 in
679 3477 809 3545 Itaham
829 3476 1021 3558 neasletas,
1054 3475 1167 3541 conti·-

115 3569 210 3637 neat‚
242 3559 383 3624 minime
411 3559 518 3644 effici,
551 3564 590 3628 ut
614 3563 728 3629 seculo
749 3563 833 3630 X'V.
857 3561 995 3627 demum
1025 3562 1176 3650 scriptur

116 3655 263 3748 putetur.
313 3646 409 3732 Quin
426 3647 528 3714 adeo
556 3649 824 3738 accerrimum
848 3670 920 3714 esse
953 3649 1069 3713 seculo
1098 3648 1169 3725 illo,

117 3731 195 3798 ande
216 3729 256 3796 fit
276 3733 464 3820 probabile,
488 3735 578 3820 quod
599 3735 704 3802 libros
725 3735 767 3803 de
787 3737 934 3804 Oratore
954 3733 1076 3800 iisdem
1096 3735 1169 3800 iere

117 3814 247 3907 liaconis
278 3820 440 3900 serravit,
486 3822 607 3906 quibua
645 3821 797 3913 corrupti
829 3819 1052 3910 reperiuntur
1089 3820 1169 3887 libri
1221 3869 1222 3872 ,

119 3926 258 3983 omues,
290 3904 446 3991 quiante
467 3908 620 3977 seculum
640 3908 725 3977 XV.
747 3921 827 3975 sunt
849 3906 987 3977 exarati.
1031 3909 1171 3974 Constat

120 3991 212 4055 enim
227 4018 250 4068 ,·
280 3995 394 4057 secuto
440 3991 581 4058 demum
617 3995 702 4062 XV·
749 3995 891 4061 ineunte
931 3993 973 4060 ab
1012 3993 1170 4060 Gerardo

120 4075 333 4156 Landriano,
350 4079 523 4167 ¹‘episcopo
547 4081 743 4164 Laudenee,
776 4092 1008 4171 pervetustum
1032 4081 1174 4146 Laudae

121 4173 292 4250 repertum
316 4186 387 4229 esee
408 4165 577 4242 codicem,
614 4169 651 4233 in
673 4189 741 4253 quo
763 4169 836 4233 aolo
858 4167 937 4232 libri
959 4164 1001 4232 de
1024 4167 1174 4234 Oratore

124 4262 191 4315 tres
214 4250 345 4337 aliaque
368 4252 491 4341 scripta
512 4253 642 4342 integra
665 4265 760 4320 erant
790 4265 938 4334 servata,
975 4274 1072 4336 cum,
1115 4255 1175 4339 qui
