2640 4748
29 846 186 1027 -
301 891 930 1037 ιΡΒΑΕΜΤΙΟ,
1046 960 1049 964 .

124 1143 300 1254 codicelli
319 1182 566 1279 Erfiirtensem,
588 1210 698 1276 quem,
713 1185 824 1251 denuo
847 1206 925 1251 cum
947 1183 1097 1254 editione
1111 1189 1179 1255 Er-

121 1281 274 1351 itestiana
295 1281 438 1359 contuli,
474 1276 768 1369 praestantissimis
779 1277 885 1346 'libris
907 1278 1011 1346 manu
1032 1279 1178 1370 scriptis,

122 1369 184 1458 qui
206 1367 330 1452 aliquot
350 1367 402 1434 M.'
424 1368 468 1434 T.
493 1366 666 1434 Ciceronis
689 1365 1026 1453 operacontineant,
1054 1389 1177 1432 acoen—
1210 1412 1212 1415 -

123 1453 269 1523 sendum
292 1475 380 1534 esse,
416 1476 486 1521 una
508 1464 542 1518 et
562 1453 774 1518 consentiens
795 1449 978 1518 hominum
1000 1451 1179 1519 doctorum

41 1606 49 1629 ,
122 1538 287 1610 sententia
309 1550 381 1604 est.
447 1540 554 1607 Cuius
593 1537 778 1605 sententiae
809 1546 927 1603 auctor
962 1539 1071 1605 extitit
1101 1539 1177 1608 Joh.

72 1693 74 1698 ,
122 1619 289 1714 Georgius
316 1624 502 1710 Graevius,
545 1624 603 1713 qui
619 1647 710 1691 -cum
741 1623 873 1712 primus
899 1624 1085 1695 accuratius
1112 1648 1178 1714 pro

122 1729 316 1802 temporum
338 1711 630 1780 illorumratione
652 1710 804 1776 codiceln
824 1711 921 1777 illum
943 1711 1179 1786 consuluisset,

121 1801 159 1873 in
179 1796 455 1892 praefatione'ad
478 1796 659 1864 Orationes
673 1797 856 1881 ,Tullianus
878 1796 965 1862 haec
982 1798 1133 1863 monuit:

136 1901 140 1908 '
208 1885 344 1971 „Habes
366 1882 422 1950 hic
443 1885 612 1950 orationes
632 1884 819 1954 Tullianus.
850 1884 968 1958 Prima
989 1884 1073 1950 milri
1097 1907 1178 1952 cura

119 1971 201 2054 tuit,
242 1983 282 2037 ut
312 1968 585 2055 emendatissime
610 1969 824 2058 prodirent.»
856 1972 1043 2058 Propterea
1070 1991 1177 2038 manu
1256 2007 1258 2010 >

70 2121 73 2127 .
123 2060 274 2148 scriptus¹
293 2055 426 2120 codices
453 2068 669 2146 pervetustos¹
692 2068 724 2122 et
753 2057 862 2122 bonae
889 2068 991 2123 uotae
1021 2057 1177 2124 consului
1246 2116 1250 2129 ,

121 2155 301 2231 et'tna'gno
315 2140 439 2208 ‘studio
468 2143 616 2212 adhibui.
665 2141 832 2210 Omnium
854 2143 1001 2232 optimus
1022 2143 1176 2211 fnitEr·

120 2230 298 2310 fortensis,
341 2251 443 2316 quem
480 2252 580 2318 saepe
611 2227 730 2296 videre
759 2229 965 2299 desideravit
995 2231 1174 2297 Gruterus.

81 2328 87 2339 ”
119 2317 204 2391 Eius
224 2338 325 2383 usum
349 2314 435 2380 mihi
456 2315 770 2403 praestiterunt·vir
791 2317 1032 2405 amplissimus,
1052 2317 1174 2386 Fride-

69 2484 72 2489 ,
118 2405 211 2471 ricus
232 2400 435 2469 Benedictus
458 2400 856 2492 Carpzoviusposenator
876 2404 962 2493 reip.
986 2402 1176 2492 Lipsiensis

121 2503 158 2555 et
180 2489 282 2553 decus
294 2510 385 2556 suae
405 2489 535 2577 patriae
550 2488 703 2566 unicum,-
719 2509 822 2574 quem
837 2489 928 2554 ‘dum
948 2490 1030 2557 haec
1052 2489 1175 2568 scribo,

121 2575 243 2642 acerba
263 2572 328 2648 fate
349 2574 446 2639 nobis
468 2576 634 2663 eripuisse
654 2576 825 2660 intelligo,
839 2631 845 2639 .
861 2577 972 2642 etvir
992 2575 1177 2642 celeberri-

119 2683 200 2731 mus
218 2661 363 2727 loannes
379 2661 576 2743 Terrenus,
598 2660 897 2734 Serenissimorum
911 2662 1047 2729 Ducum
1065 2661 1174 2726 Saxo-

121 2747 201 2814 niae
221 2748 354 2820 Domus
376 2747 557 2814 Gothanae
578 2747 779 2820 Historicus,
801 2747 917 2813 multis
939 2747 1070 2837 scriptis
1094 2771 1176 2811 eru·

122 2834 218 2912 ditis,
261 2853 349 2922 quae
373 2857 516 2923 perora
535 2825 649 2903 viruni
668 2833 816 2911 volant,
836 2833 989 2909 illustris.
1032 2835 1064 2901 Is
1084 2833 1188 2900 liber·
1236 2884 1239 2888 ⁸

121 2922 284 3011 plurimas
319 2921 488 2987 orationes
526 2918 704 2988 Tullianae
749 2921 1051 3009 complectebatur,
1100 2943 1172 2987 non

121 3011 253 3075 omnes.
288 3007 389 3092 Quae
404 3007 454 3073 'sit
475 3009 546 3073 eius
567 3001 752 3080 bonitas'et
771 3010 986 3093 praestantia,
1005 3007 1174 3074 docebunt
1289 3008 1292 3014 ‘

121 3094 434 3166 animadversiones
466 3106 617 3175 nostrae,
660 3093 698 3177 iu
730 3093 852 3179 quibus
887 3117 1069 3181 cognosces
1104 3103 1174 3158 non

121 3203 244 3271 paucas
280 3179 373 3246 labes
402 3179 475 3247 eins
511 3178 707 3246 auctoritate
744 3203 801 3246 me
837 3180 1048 3258 abstersisse,
1086 3201 1175 3265 quae

122 3290 240 3342 omnes
262 3265 424 3333 editiones
448 3266 736 3338 contaminabant:
779 3288 1030 3353 nonnunquam
1050 3287 1171 3331 versus

122 3366 157 3422 et
176 3353 285 3423 verbu
303 3365 381 3419 sunt
405 3351 546 3435 omissa,
567 3365 703 3440 praeter
724 3353 796 3419 illas
817 3352 981 3435 maculas,
1003 3359 1085 3441 quas
1108 3375 1172 3439 ope

121 3440 222 3508 huius
247 3439 371 3505 codicis
397 3440 519 3506 Petrus
542 3438 726 3510 suffridus.
769 3439 827 3524 qui
856 3460 990 3527 qnoque
1017 3439 1079 3504 illo
1103 3437 1174 3503 -fuia

121 3549 213 3601 usus,
237 3536 269 3590 et
281 3525 384 3592 Ianus
399 3525 600 3592 Guilielmus
621 3523 860 3593 schedularum
877 3537 911 3594 et
933 3537 1174 3614 excerptorum
1263 3574 1267 3581 -

123 3609 265 3681 Suffridi
286 3610 435 3677 subsidio
456 3612 580 3691 nixus,
602 3610 830 3685 deleverant,“
919 3678 921 3682 ,
951 3677 954 3680 ,
1093 3664 1097 3683 ,.

209 3696 311 3786 Quod
340 3719 420 3764 cum
450 3711 538 3765 esset
559 3699 698 3766 Graevii
722 3697 765 3763 de
787 3697 901 3769 codice
920 3697 979 3769 illo
999 3695 1174 3778 indicium,

122 3781 274 3874 profecto
300 3783 389 3858 mira
415 3783 529 3851 rideri
552 3786 654 3851 debet
671 3785 737 3851 viri
758 3783 943 3851 doctissimi
963 3782 1176 3871 negligentia,

123 3895 191 3960 qna
212 3870 536 3958 praestantissimum
556 3871 682 3938 librum
696 3872 885 3936 consultum
907 3888 1090 3949 esse-‚num
1109 3890 1175 3969 ape

122 3958 265 4048 parebit.
309 3958 409 4043 Quae
429 3956 568 4044 quidem
590 3957 792 4044 negligentia
812 3968 1089 4041 mta‚·est,·ut,·
1112 3956 1188 4043 ursi,

126 4045 262 4111 aliunde
284 4055 470 4127 constaret,
491 4045 636 4109 eundern
660 4067 732 4109 esse
754 4044 1042 4131 codicem,.‚quem
1065 4040 1177 4129 Grae7

124 4131 201 4205 vius
222 4129 460 4225 Erfurtensens
483 4130 623 4216 dixerit,
643 4144 741 4227 atquo
763 4153 852 4211 eum,
876 4152 980 4225 quem·
1004 4150 1068 4221 nos
1088 4131 1181 4219 nuno
