2634 4748
176 262 222 333 68

197 448 226 502 9.
241 430 400 514 Aquillium)
424 449 444 484 o
461 429 561 502 quibus

181 518 223 556 10.
241 511 270 553 et
285 500 434 570 ingenium)
452 503 613 571 ingenium·

181 588 223 624 11.
240 570 315 639 belli)
339 571 400 622 iure

174 658 205 713 Ρ.
225 640 301 691 12881
386 638 410 706 §a
425 634 471 689 46·

192 710 220 764 4.
238 705 478 781 praestantiorem)
502 707 676 778 praesentio-

232 790 235 799 “
280 796 337 829 rem

194 843 221 900 5.
235 844 378 913 religione)
395 845 539 916 religionis
554 843 643 916 igitur

244 914 273 968 Is
289 913 382 981 igitur)
402 932 446 967 orn

196 983 214 994 ”
243 982 374 1052 Appium)
401 984 496 1054 apium

192 1047 220 1104 b·
236 1051 347 1119 summa)
365 1071 409 1104 om

193 1139 220 1192 7·
236 1121 347 1190 foedus)
363 1091 518 1258 'plebeium‘

486 192 622 317 111.
656 185 927 344 cressonis!
1005 334 1010 339 ,

666 431 671 438 ’
728 447 768 485 11.
786 432 872 498 adest,
894 431 922 500 a)
939 428 1018 487 abest

727 502 771 555 15.
786 500 995 638 Α1011110170115)
1013 496 1196 558 brennensem

905 609 907 616 .
945 606 953 622 .
996 589 1020 622 1.
1112 585 1115 603 l
1223 591 1226 595 ”

741 639 770 691 5.
785 637 978 704 domesticum)
996 639 1177 696 modesticurn

739 706 766 762 6.
782 708 812 759 11
829 725 884 759 uno
903 709 934 759 C.
950 708 989 773 id)
1009 712 1045 760 'id
1060 713 1091 762 in
1108 731 1165 763 uno
1184 716 1215 766 C.

738 776 768 832 6.
785 794 811 846 7.
831 777 995 829 Gaditanum
1014 778 1232 852 Hasdrubalem)

823 848 975 915 gaditanos
999 848 1180 903 asdrubalem

737 908 766 966 8.
784 913 884 979 fabros)
897 915 998 984 fabios

740 997 768 1048 9.
785 983 906 1050 donavit)
924 1003 969 1036 om

725 1067 826 1105 10.11.
845 1053 1037 1123 defenderunt)
1056 1054 1212 1126 defendunt

670 1177 673 1186 Ι
726 1120 767 1176 15.
783 1121 832 1172 ille
849 1122 974 1189 summus)
991 1122 1041 1176 illo
1063 1144 1159 1178 sumus

644 1196 647 1206 “
725 1199 768 1259 17.
786 1190 992 1262 imperatorum)
1016 1195 1230 1264 imperatoriam

192 1275 220 1314 2·
236 1257 401 1328 cogitatione
429 1253 536 1325 restra)
560 1255 679 1328 ,cogite-
722 1275 751 1327 p.
772 1275 848 1325 1291.

275 1331 379 1381 tionem
402 1336 525 1381 vestram

157 1399 160 1406 ’
242 1414 276 1450 re
293 1394 358 1463 non)
375 1415 431 1449 non
448 1415 477 1448 re

194 1465 220 1519 5.
236 1484 294 1520 non
328 1462 467 1535 ignarum)
500 1479 557 1519 non
590 1478 678 1535 aeque

279 1538 409 1607 ignarum

193 1622 219 1674 7.
236 1602 276 1673 se)
288 1606 343 1664 „sed

79 1661 80 1664 Ἴ
188 1690 218 1744 7.
234 1673 262 1728 8.
279 1680 308 1725 et
330 1671 469 1742 gessisset,
495 1677 525 1720 et
540 1667 677 1721 confecis-

277 1739 329 1807 set)
345 1744 433 1813 gessit
450 1737 573 1810 confecit

40 1885 44 1897 .
108 1771 114 1828 'i
176 1824 218 1864 111.
235 1809 321 1876 nullo)
344 1809 476 1862 nonnullo

243 1899 259 1932 a
276 1877 426 1948 republica)
443 1895 496 1930 res.
507 1892 538 1945 p.
618 1886 621 1892 ·

176 1962 219 2002 11.
235 1946 420 2017 Iguvinatium)
438 1948 468 2016 ig
488 1944 609 1996 irretiunt

120 2075 122 2079 Α
311 2017 343 2068 C.
360 2015 438 2066 XXI.
461 1965 585 2081 1148.-Ι

166 2128 168 2135 .
192 2102 219 2137 2.
238 2084 377 2150 acerrima)
395 2086 420 2135 si
438 2083 575 2134 acerrima

190 2156 217 2207 4.
235 2152 399 2224 Spoletinus)
409 2149 556 2224 'palatinus

171 2225 342 2359 1181...

187 2361 216 2415 8.
232 2360 364 2432 populum
384 2353 566 2429 Spoletinum)
582 2353 676 2428 spole-

199 2480 208 2495 ,,
275 2433 365 2483 tinum
384 2427 520 2500 populum

174 2513 216 2554 to.
232 2496 304 2571 lege)
321 2500 408 2568 legem

238 2565 388 2637 Appuleia)
406 2562 522 2636 apuleia

169 2653 217 2692 11.
234 2636 336 2712 posset)
349 2639 491 2774 1171171101

190 2770 215 2828 1’.
231 2772 427 2842 similitudinis)
444 2769 656 2842 similitudinem

188 2845 216 2898 5.
234 2843 315 2910 enim)
334 2855 427 2896 autem

208 2949 216 2967 .
232 2909 334 2979 nostra)
351 2923 477 2964 nostram

187 2931 215 3036 8.
232 2983 255 3035 si
272 3002 333 3048 vox,
350 2984 373 3033 si
390 2978 453 3048 ille)
470 2994 525 3033 vox
541 2979 568 3030 si

186 3053 214 3106 8.
231 3068 258 3120 9.
274 3047 469 3120 imperatorius)
477 3051 672 3117 imperatorum

172 3135 215 3173 10.
232 3120 324 3173 valeat
340 3118 402 3185 me.)
420 3120 534 3171 ualeant
551 3136 602 3170 me.

173 3205 215 3242 11.
233 3198 261 3242 et
279 3186 425 3253 clarissimi)
443 3205 488 3238 om

173 3260 217 3314 15.
234 3254 418 3319 mortuorum)
436 3266 605 3309 mortuorum
621 3261 654 3306 ut

297 3325 329 3377 c·
343 3325 436 3380 XXII·
465 3326 489 3392 §u
507 3324 551 3375 50·

188 3413 223 3453 2..
233 3392 360 3465 equitem)
379 3395 560 3464 aequitatem¹
590 3439 593 3447 .

188 3467 216 3520 5.
232 3465 299 3519 ririt
315 3460 479 3530 Ravennae)
503 3463 599 3516 vivunt
619 3478 673 3513 ra-

213 3567 217 3572 -
272 3542 417 3586 vennatem

98 3627 101 3632 ·
160 3597 162 3601 ’
186 3598 215 3654 4.
232 3601 259 3656 5.
276 3595 450 3659 Camertium)
471 3600 653 3652 cameratium

187 3671 318 3741 ln'quid?
341 3668 554 3721 Heracliensium
579 3668 671 3736 legio-

274 3739 345 3806 nem)
364 3740 414 3809 qui
427 3740 461 3791 de
478 3738 554 3790 racle
569 3756 598 3790 se
605 3755 670 3788 mo-

273 3808 326 3862 lex.
339 3818 372 3861 at

170 3890 397 4009 ι,11.1111111011011)
419 3943 587 3998 aristotilem
634 4010 641 4023 ι

91 4079 98 4091 ¹
162 4048 172 4093 3
240 4014 325 4096 quid?
352 4013 479 4082 quoniam
512 4010 569 4081 de)
592 4027 674 4082 quec-

173 4166 214 4205 11.
232 4084 406 4218 (1951151511)
424 4168 476 4220 que
486 4147 591 4220 fabius

73 4278 76 4281 .
184 4290 188 4299 ι
236 4216 421 4291 Sagtmtinum)
438 4217 548 4292 agunt?
563 4219 639 4273 Num

725 1327 770 1381 18.
787 1327 907 1409 Quisque
925 1356 960 1370 —
977 1329 1081 1399 cuiatis)
1099 1332 1231 1404 quisquis

825 1420 861 1437 -
878 1400 1007 1452 caritatis

791 1465 852 1533 etsi)
869 1468 896 1518 si
913 1476 941 1518 et

829 1551 863 1604 CO
884 1551 991 1605 mne
1029 1553 1056 1620 §0
1071 1553 1117 1608 520

742 1636 766 1672 1.
783 1620 984 1689 imperatorum)
999 1624 1193 1692 imperatorem

738 1689 766 1742 5.
783 1689 918 1757 iudicum)
941 1694 1077 1746 iudicium

738 1760 766 1810 4.
783 1768 813 1811 et
830 1758 911 1827 dabo)
936 1760 1007 1811 dabo

738 1827 767 1880 4.
782 1829 810 1882 5.
832 1827 1042 1894 sanctissimum)
1076 1831 1228 1882 sanctissi-

824 1917 899 1950 rnum
923 1908 950 1949 et
974 1901 1212 1968 sapientissimum

739 1963 767 2020 5.
782 1966 900 2032 senatus)
925 1968 1010 2018 etiam
1027 1978 1141 2020 senatus

791 2052 856 2103 prae
873 2032 912 2100 se)
929 2053 959 2088 se
970 2054 1042 2104 prae

738 2100 766 2154 5.
783 2104 849 2171 quid
866 2103 964 2168 essent)
984 2107 1033 2172 qui
1050 2105 1190 2158 deessent

738 2171 766 2224 8.
784 2172 928 2238 civitatem)
947 2173 1064 2222 civitate

738 2239 918 2310 9.111111111.)
935 2238 984 2292 lib.
1001 2247 1068 2291 sunt

723 2324 767 2362 10.
783 2307 894 2375 fundus)
912 2326 957 2360 om

722 2395 766 2433 11.
782 2379 925 2433 mutandae
942 2377 993 2445 ius)
1011 2379 1146 2432 mutanda
1162 2379 1189 2432 ei

915 2464 955 2532 11.
970 2463 1015 2516 ss.

596 2547 601 2555 “
708 2569 711 2573 >
737 2551 764 2589 2.
783 2519 929 2602 constaret)
947 2542 1106 2587 constarent

736 2605 765 2657 5.
782 2604 874 2670 ictum)
892 2621 951 2654 esse
969 2606 1041 2654 cum²

735 2672 763 2726 5.
780 2672 938 2738 Ρο11111110)
957 2683 1086 2740 postumo

736 2758 763 2811 7.
781 2740 876 2809 aenea)
894 2743 1014 2792 athenea

734 2825 763 2882 9.
779 2810 918 2863 Cossinius
935 2809 1046 2881 Tiburs)
1068 2810 1165 2864 consul
1179 2813 1223 2865 si-

820 2882 886 2932 nius
903 2880 979 2931 tibur

720 2963 762 3001 11.
779 2947 934 3019 Coponios)
952 2948 1084 3017 coponius

926 3035 954 3101 ᾗ.
969 3033 1014 3086 54.

715 3113 883 3234 lib-lliblbit)
902 3166 1004 3219 licebat

733 3237 761 3291 4.
777 3236 883 3305 licebit)
899 3237 1001 3288 licebat

784 3305 922 3376 poterunt)
936 3316 1070 3377 poterant

733 3372 762 3430 5.
778 3375 885 3445 assequi
901 3376 1053 3457 pugnando)
1066 3380 1223 3451 pugnando

821 3463 932 3514 assequr

737 3510 764 3567 5.
781 3511 891 3581 licebit)
915 3512 1017 3566 licebat

787 3583 952 3647 accusatori)
975 3595 1151 3639 accusatores

732 3649 760 3704 6.
776 3651 912 3718 bellatori)
937 3651 1100 3707 bellatorum

883 3738 915 3792 C·
931 3737 1037 3793 XXIV·

732 3820 760 3876 7.
778 3804 820 3873 10)
839 3825 884 3862 om

732 3887 761 3941 9.
778 3876 822 3944 ad)
841 3895 876 3929 ac

721 3945 881 4010 10.11)011

721 4029 763 4063 11.
780 4015 872 4082 genus)
890 4015 942 4067 1100
964 4031 1052 4085 genus

721 4096 763 4132 11.
779 4085 880 4151 posset)
918 4087 988 4136 assit

721 4151 764 4203 15.
780 4154 898 4205 senatori
926 4161 1052 4204 senatore

719 4218 763 4274 16.
779 4222 906 4293 populos)
919 4221 1038 4294 populos
1059 4216 1167 4271 latinos
