2634 4748
93 298 96 307 ·
212 272 269 318 tlt

211 412 307 494 uerbi
340 416 532 510 explicandi
559 416 676 481 'causa'
692 414 717 478 a'
744 410 907 499 Cicerone
943 412 1067 502 scripta
1099 428 1266 489 censeret.

213 512 292 600 Qu'o
320 508 406 576 facto
435 515 524 572 certe
552 512 615 568 aut
642 498 803 589 particula
827 511 919 577 recte
945 501 1151 567 rehaberet.
1194 500 1268 581 Sed

211 601 305 676 baec,
322 617 407 682 quae
427 588 632 668 monuimus,
646 586 736 665 satis,
751 597 848 673 puto,
860 584 1060 672 probabunt,
1076 585 1119 652 ad
1139 582 1267 655 varein

215 680 380 775 effuderit
407 679 450 744 ab
477 676 658 762 interprete
684 670 836 759 apposita
862 669 968 737 verba
995 672 1061 742 aut
1090 675 1267 759 vomuerit

213 772 250 835 in
273 778 405 833 textum
426 762 468 830 ab
489 757 631 826 librariis
652 766 785 845 recepta
806 778 887 821 esse.
1017 830 1020 835 ¹

298 851 426 920 Eadem
446 844 608 945 particula
622 855 698 922 aut,
714 840 895 933 quamodo
911 841 1106 930 interpretis
1118 865 1266 917 manum

215 938 430 1026 agnovimus,
466 955 504 997 m
526 929 645 996 eadem
665 930 811 1013 sectione
836 929 1043 1015 apertissime
1065 929 1130 995 alia
1151 933 1288 1016 glossa'

214 1024 378 1112 proditur.
412 1018 525 1085 Verba
546 1014 622 1081 dico
642 1025 707 1080 aut
722 1014 984 1095 Centaurorum,
1006 1014 1157 1102 adquae
1178 1019 1267 1085 baec

216 1105 352 1174 monuit
373 1101 595 1173 Garatoniust
639 1099 752 1184 „lllud
782 1110 872 1163 certe
902 1111 1031 1164 constat
1057 1123 1103 1166 ex
1124 1101 1268 1170 hac'iti-

216 1195 312 1276 bula,
335 1190 427 1280 quod
449 1212 469 1253 a
489 1186 628 1253 nemine
652 1187 866 1250 observatum
888 1184 1053 1267 demiror,
1083 1186 1268 1272 legendum

55 1291 59 1299 '
173 1335 182 1349 .
216 1304 307 1359 esse,
336 1269 575 1373 Lapitharum
587 1293 638 1336 ac
659 1270 927 1348 Centaurorum,
955 1292 1025 1335 non
1046 1280 1131 1336 aut.-
1162 1274 1267 1343 timul

199 1365 312 1430 'enim
332 1386 401 1426 uno
428 1381 466 1427 m
488 1357 643 1424 convivio
665 1354 813 1421 fuerunt.
855 1355 991 1423 Servius
1013 1356 1054 1422 ad
1075 1358 1151 1425 Vll·
1172 1362 1263 1427 Aen.

219 1450 293 1518 504.
323 1443 517 1512 ‘Pirithous
538 1440 771 1530 Lapitharum
792 1442 891 1523 Rex,
926 1464 1005 1506 cum
1031 1465 1172 1510 uxorem
1193 1446 1261 1511 du-

218 1545 319 1607 ceret,
337 1533 465 1600 vicinat
480 1531 629 1620 populor
642 1529 828 1594 Centauros
843 1562 886 1576 ·-
907 1527 957 1589 od
973 1528 1168 1595 convivium
1182 1532 1284 1598 con-¹

47 1621 54 1635 ’
116 1626 120 1637 “
219 1618 389 1690 vocatur
432 1610 615 1682 Verissime
643 1613 845 1697 Garatonius
874 1623 938 1678 out
968 1614 1221 1683 Centaurorum
1242 1638 1263 1681 a

220 1707 380 1789 Cicerone
409 1703 559 1789 potuisse
580 1699 679 1763 scribi
708 1697 863 1785 negavit,
907 1697 995 1782 quod
1026 1720 1132 1766 unum
1160 1702 1266 1769 luerit

220 1794 465 1857 Centaurorum
487 1797 520 1851 et
539 1783 760 1870 Lapitharum
781 1782 991 1863 convivium,
1021 1801 1150 1872 neque,
1172 1788 1265 1875 quod

220 1877 342 1942 addere
361 1883 501 1956 poterat,
522 1871 630 1935 ullum
648 1889 796 1954 unquam
809 1867 1033 1933 memorabile
1048 1874 1162 1939 extitit
1178 1896 1266 1940 con·

220 1961 363 2037 vivium,
389 1955 477 2044 quod
499 1957 563 2020 soli
583 1953 761 2020 habuerint
783 1953 952 2019 Centauri.
984 1954 1049 2020 Sed
1070 1980 1171 2058 quam
1191 1958 1268 2047 ipse

220 2045 396 2134 proposuit
417 2040 649 2116 mutationem,
672 2061 712 2104 ea
732 2062 796 2105 nec
816 2038 920 2104 facilis
941 2037 1006 2105 hoc
1028 2042 1166 2129 qurdem
1187 2046 1265 2112 loco

223 2142 283 2210 est,
304 2151 416 2216 neque
437 2126 545 2208 efficit,
567 2137 606 2191 ut
619 2125 864 2191 Centaurorum
886 2129 1160 2194 commemoratio
1180 2151 1265 2194 sen-

222 2216 345 2282 tentiae
368 2215 433 2280 loci
455 2212 642 2281 conveniat.
684 2212 775 2275 Nam
797 2232 875 2276 cum
897 2212 984 2277 dicat
1005 2212 1137 2278 Ciceros
1169 2215 1265 2302 quot!
1275 2249 1280 2253 ·

224 2301 364 2390 quidem
393 2299 531 2367 istiua
564 2293 666 2384 quasi
687 2295 826 2383 aliquod
848 2332 891 2346 -
912 2298 1101 2365 convicium
1112 2300 1262 2389 jereba-
1294 2347 1297 2354 ·

224 2400 301 2464 tur,
347 2397 489 2475 apparet
515 2407 582 2448 non
612 2405 728 2469 omnes
756 2383 894 2447 omnino
923 2382 1091 2468 homiues,
1133 2387 1190 2473 qui
1212 2386 1265 2455 illi

223 2472 355 2539 Pisonis
387 2469 541 2535 convivio
568 2467 811 2550 interfuerint,
853 2469 1040 2555 comparari
1066 2493 1144 2536 cum
1175 2472 1264 2539 alius

198 2555 388 2646 ,symposii
412 2553 599 2642 turpissimi
626 2553 796 2633 convivis,
832 2554 891 2619 sed
912 2568 1083 2639 auctorem
1107 2559 1265 2641 convivii,

223 2646 399 2719 Pisonem,
433 2640 580 2706 conferri
602 2662 679 2704 cum
701 2639 784 2705 alius
803 2638 956 2705 infamati
978 2644 1124 2709 convivii
1145 2656 1263 2711 aucto·

225 2731 325 2799 ribus.
368 2731 483 2815 Itaque
503 2728 610 2812 aliena
632 2749 766 2811 prorsus
790 2723 1035 2793 Centaurorum
1055 2730 1182 2796 mentio
1205 2742 1265 2809 est,

225 2840 310 2904 quae
332 2839 371 2880 ca
391 2826 521 2879 tantum
544 2812 733 2875 conditione
754 2811 846 2875 iniici
867 2812 992 2898 potuit,
1027 2815 1053 2878 si
1076 2838 1140 2903 pro
1161 2818 1264 2883 iatius

135 2922 137 2949 ³
226 2901 409 2986 scripsisset
430 2900 585 2975 istorum,
606 2894 653 2960 ita
673 2906 710 2959 ut
724 2896 885 2961 convivae
903 2912 1011 2965 essent
1025 2901 1066 2965 ad
1078 2902 1264 2988 significati.

224 2984 365 3051 Insititia
385 2983 488 3068 igitur
506 2978 678 3046 manifesto
700 2993 784 3046 sunt·
797 2983 902 3048 verba
922 2987 1264 3055 aut-Centaurorum.

313 3069 350 3133 C.
371 3068 414 3135 X.
437 3068 468 3151 ς.
491 3068 541 3132 25.
587 3063 706 3147 Quid?
728 3079 767 3132 tu
791 3067 827 3133 in
848 3068 1033 3153 lictoribus,
1054 3073 1092 3140 in
1115 3072 1209 3162 toga,
1228 3085 1264 3145 et

127 3216 131 3221 .
225 3166 410 3245 praetexta
431 3175 504 3217 esse
526 3152 740 3218 consulatum
758 3158 890 3240 putas?

311 3241 366 3304 Sic
391 3239 428 3304 in
459 3239 613 3303 omnibus
635 3237 802 3303 codicibus
823 3238 878 3304 hic
900 3241 994 3304 locus
1015 3243 1155 3328 scriptus
1177 3242 1263 3332 legi-

227 3336 293 3390 tur.
334 3323 502 3390 Intellexit
522 3324 650 3411 primus
672 3324 850 3389 Turnebus
871 3325 958 3392 Adr.
979 3329 1021 3393 L.
1042 3328 1134 3397 XXI.
1157 3354 1186 3396 c.
1212 3332 1261 3397 15.

225 3411 339 3497 inepte
364 3411 401 3476 in
429 3421 511 3497 toga
537 3421 571 3474 et
590 3420 776 3498 praetexta
798 3409 873 3475 dici.
917 3414 1032 3496 Itaque
1052 3414 1207 3502 copulam
1227 3428 1262 3483 et

226 3496 360 3573 delevit,
381 3501 469 3583 quod
493 3495 550 3581 qui
570 3506 659 3560 recte
673 3493 745 3559 fieri
759 3519 827 3560 nou
840 3518 938 3584 posse
952 3500 1035 3565 vidit
1050 3501 1263 3577 Garatonius,

226 3584 368 3648 coniecit
388 3592 422 3645 et
443 3581 480 3648 in
500 3592 581 3666 toga
596 3591 782 3669 praetexta
803 3581 1016 3648 scribendum
1038 3609 1118 3651 esse.
1150 3587 1262 3673 Quam

227 3669 449 3745 coniecturam
469 3666 503 3731 in
522 3677 652 3732 textum
664 3666 790 3764 recepit
803 3665 963 3732 Orellius.
994 3671 1105 3737 Miror
1123 3668 1263 3739 factum.

63 3740 66 3747 ⁴
113 3764 116 3769 '
225 3754 329 3819 Nulla
362 3752 452 3817 enim
479 3750 634 3816 audacior
664 3750 796 3817 admitti
823 3754 980 3821 correctio
1007 3758 1126 3845 potuit.
1191 3757 1264 3847 Qui

224 3839 437 3916 meminerit,
474 3836 573 3901 etiam
598 3837 635 3900 iu
662 3836 748 3900 libro
771 3837 814 3903 de
836 3838 948 3904 Amic.
971 3864 998 3906 c.
1019 3842 1067 3909 X.
1089 3841 1131 3907 ab
1152 3842 1263 3911 inter·

225 3923 373 4011 pratibus
395 3921 472 3987 voci
490 3933 675 4011 praetexta
696 3923 885 4010 appositum
904 3948 1031 3993 nomen
1052 3940 1156 4015 togae
1176 3952 1261 4012 esse,

223 4032 294 4074 non
324 4007 503 4089 dubitabit,
544 4007 580 4072 id
609 4007 697 4094 quod
726 4010 825 4073 etiam
848 4011 1047 4077 Garatonius
1075 4013 1262 4101 suspicatus

190 4130 193 4134 ·
224 4093 1136 4178 e1·et,verbaintogaproinsititiismecumhabere.
1167 4101 1260 4167 Nam

122 4212 127 4221 ·
222 4179 312 4266 quod
334 4179 450 4246 Cicero
470 4178 560 4262 alibi,
581 4177 683 4244 veluti
703 4179 739 4244 in
761 4181 860 4248 Verr.
881 4181 907 4246 1.
916 4184 989 4265 ’58.,
1011 4199 1087 4273 post
1107 4185 1260 4253 reditio
