2634 4748
119 257 183 308 crt
294 222 309 249 ’Δ

112 437 197 505 „etse
215 429 326 487 ortam
345 427 381 484 et
399 413 527 502 ubique
546 402 618 481 fere
633 415 670 480 in
692 414 858 501 quoniam
876 390 1080 501 particulam
1099 432 1168 477 ne·

20 528 25 538 ·
121 503 265 572 cessario
282 501 579 571 ease'mutaudam:
603 502 676 589 quis
691 499 827 567 tandem
849 500 927 580 erit,
949 497 1030 585 quin
1046 506 1169 584 sponte

120 591 305 677 intelligat,
328 586 473 655 eandem
495 587 714 674 scripturam,
745 583 853 651 sicubi
871 585 907 651 in
930 583 1069 670 reliquie
1090 581 1167 669 epi-

113 676 283 753 stolarum
302 672 395 741 libris
420 666 626 755 offendatur,
663 693 734 739 uun
755 671 868 737 minus
897 668 1025 759 debere
1047 662 1198 755 perse'·

124 768 312 853 suspectam
335 781 405 825 esse
426 770 459 823 et
481 779 543 845 pro
564 756 756 847 corruptela
776 755 914 847 haberi?
957 755 1065 905 Attgui
1083 752 1168 850 ¹'alti'-

122 872 188 939 que
216 846 377 936 particula
412 867 521 932 qaum
541 845 626 931 ¹usui
656 844 756 911 etiam
791 854 833 911 et
853 854 1012 909 consuetu
1033 839 1082 905 ini
1114 832 1168 905 lo-

122 935 250 1036 quendi
270 940 405 1020 ptorsus
425 930 641 1009 adversatur,
660 952 740 997 cum
762 940 879 1013 contra
900 928 1066 1013 quoniam
1112 948 1170 1009 ar-

122 1021 224 1087 ticula
250 1017 405 1088 amnibus
440 1012 511 1099 fere
541 1014 622 1081 loeis
659 1015 813 1104 apprime
848 1015 1061 1091 conveniat.¹
1125 1032 1169 1076 on

122 1105 238 1174 minue
259 1103 397 1192 quando
418 1099 581 1188 particula
601 1099 642 1168 ab
663 1100 748 1169 locis
762 1100 826 1175 illis
848 1101 958 1167 aliena
979 1111 1045 1181 est,
1066 1118 1170 1187 quam

121 1191 226 1259 semel
255 1188 426 1257 manaae
458 1186 615 1264 sufficiet,
651 1187 777 1279 ubique
802 1186 840 1254 in
865 1184 1064 1269 editionibus
1088 1188 1173 1275 ¹nou

125 1275 331 1345 Victorianis
353 1283 503 1355 exstare,
528 1273 716 1362 quotiesin
740 1272 944 1343 Victorianis
975 1293 1085 1361 quum
1105 1274 1177 1357 prd-

124 1361 289 1452 qnoniam
310 1380 434 1428 excusa
457 1368 517 1424 est.
558 1358 675 1446 Itaque
697 1357 849 1440 mutabit,
880 1359 908 1423 si
929 1358 1053 1446 sapiet,
1074 1354 1179 1421 lutu-
1220 1360 1224 1369 '

122 1472 183 1518 rus
204 1445 393 1514 editoribus
415 1467 554 1527 omnes,
576 1469 659 1533 quos
680 1446 749 1512 iam
770 1443 931 1510 allaturus
955 1467 1050 1524 sum,
1079 1442 1174 1523 locos

122 1533 339 1621 restituetque
358 1553 424 1619 pro
444 1532 636 1618 vulgaribus
667 1552 773 1619 quum
802 1544 835 1606 et
858 1530 996 1621 quando
1015 1526 1174 1619 partitur
1210 1604 1220 1623 l

103 1620 166 1689 -lis
186 1619 263 1684 sine
281 1616 492 1684 dubitatione.
507 1617 684 1707 quoniam,
1074 1622 1079 1649 '·
1149 1642 1152 1649 ·

168 1702 253 1771 Loci
272 1703 312 1772 bi
333 1714 431 1769 sunt:
472 1736 475 1741 ·
986 1724 990 1731 ·
1126 1716 1130 1727 ·

212 1789 291 1857 Lib.
312 1790 377 1857 VI.
409 1810 463 1879 ep.
483 1791 515 1854 4.
544 1809 580 1878 p.
604 1786 676 1856 144.
719 1788 759 1858 A
776 1808 846 1876 qua
874 1808 1002 1876 qaum
1026 1797 1173 1869 tantum

121 1875 315 1950 'adsumam
351 1885 391 1940 at
413 1875 521 1940 etiam
551 1875 679 1961 optime
708 1873 934 1955 senserimus,
964 1884 1182 1962 eventusque·

124 1962 241 2049 magis
263 1958 373 2025 nostri
383 1959 517 2029 consilii
523 2004 537 2037 ,,
556 1983 663 2049 qaam
684 1959 864 2028 consilium
883 1958 1190 2048 reprebendatur'a'
1220 1995 1222 1999 ·

127 2059 162 2114 et
185 2067 313 2134 quum
340 2046 599 2132 praestitimus,
631 2045 723 2135 quod
748 2043 947 2120 debuimus,
985 2044 1176 2129 moderate,

128 2129 222 2220 quod
243 2131 373 2208 evenit,
393 2129 568 2219 feramus.

212 2216 326 2304 Atque
345 2216 411 2284 hoe
433 2218 568 2305 quidem
588 2216 663 2282 loco
677 2216 744 2305 ipsi
761 2215 893 2282 codices
906 2217 1063 2282 nonnulli
1086 2213 1172 2305 apud

128 2305 313 2387 Graevium
334 2305 371 2369 in
396 2305 498 2372 Vara.
522 2304 617 2371 Lect.
640 2303 803 2390 quoniam
824 2303 950 2368 habere
971 2301 1173 2369 referuntur.

214 2389 290 2456 Lib.
311 2388 373 2457 VI.
395 2413 450 2480 ep.
474 2391 505 2455 6.
527 2412 561 2477 p.
586 2387 657 2456 148.
699 2389 888 2457 Rationem
909 2386 1176 2478 baberi-abcen-
1221 2403 1238 2425 ’-

113 2476 196 2554 tis,
230 2498 297 2546 aaa
318 2484 394 2540 tam
413 2476 570 2563 pugnavi
594 2487 634 2541 ut
662 2473 795 2558 liceret,
826 2499 933 2559 quam
955 2487 1176 2565 rats—quum

129 2562 204 2652 ipso
226 2560 363 2627 consule
379 2573 561 2649 pugnante
575 2561 728 2649 populas
748 2561 914 2642 iusserat,
936 2557 1135 2629 haberetur&

215 2647 282 2714 Hic
302 2647 483 2715 Ernestius.
497 2670 604 2735 quum
626 2646 878 2715 coniunctirum
898 2647 1076 2733 requirere·
1097 2670 1178 2715 eum

129 2733 369 2814 intellexisset,
391 2732 525 2822 scripsit
545 2732 694 2823 quando.
733 2734 913 2800 Caeterum
930 2733 1001 2800 noli
1014 2744 1057 2798 tu
1071 2731 1196 2811 fidem,

131 2818 255 2886 habere
287 2819 483 2901 Benedicta,
521 2821 580 2906 qai
611 2841 689 2887 cum
709 2818 883 2901 Victoria,
919 2818 1055 2886 Graevii
1084 2819 1112 2884 I.
1142 2831 1178 2888 et
1207 2886 1213 2903 ,

59 2944 62 2949 -
131 2904 302 2972 Vaticano
318 2903 584 2990 Torgaviensem
605 2916 640 2972 et
650 2906 712 2972 Dr.
731 2904 789 2970 ΙΙΙ.
811 2926 919 2993 quum
940 2905 1065 3006 habere
1087 2904 1178 2974 dicit.
1208 2942 1211 2947 ·

23 3031 33 3048 κ·
135 3004 207 3091 Qui
223 3005 353 3070 codices
373 3006 449 3073 illos
463 3008 635 3073 consulere
659 3006 816 3091 voluerit,
837 3031 916 3073 eum
938 3032 995 3096 qm
1013 3009 1179 3101 scriptum
1207 3086 1210 3091 ,

14 3152 18 3158 -
133 3108 181 3178 ibi
193 3118 420 3196 ‘reperturum
441 3129 515 3176 esse
537 3111 655 3198 quovis
673 3112 816 3199 pignore
836 3109 1037 3176 contendere
1057 3110 1178 3190 audeo,

135 3209 335 3276 Benedictus
362 3221 477 3277 autem
502 3211 539 3278 in
573 3235 613 3280 ea
640 3211 704 3280 fuit
739 3214 919 3301 sententia,
959 3198 1086 3303 ut'qrii
1111 3236 1177 3301 pro

161 3318 247 3362 uum
267 3295 435 3383 particula
454 3297 539 3385 poni
553 3311 693 3388 putaret.
716 3300 786 3369 cfr.
804 3301 875 3366 eius
896 3298 1002 3389 praef.
1023 3322 1058 3399 p.
1070 3300 1178 3367 XIIII.

136 3319 251 3468 ltaque
270 3404 334 3471 pro
356 3392 449 3449 certo
471 3383 663 3451 habendum
684 3397 749 3466 est,
772 3387 809 3452 in
830 3398 974 3473 quatuor
993 3386 1059 3451 illrs
1074 3386 1178 3473 ¹libris

137 3480 272 3570 exstare
294 3466 467 3558 quoniam.
509 3471 663 3537 Eandem
689 3472 888 3560 particulam
917 3472 954 3536 in
979 3470 1052 3537 aliis
1073 3471 1182 3541 fuisse.

138 3553 320 3655 oodrcrbus,
344 3554 464 3643 probat
483 3557 646 3644 scriptura
669 3556 852 3657 quomodo,
892 3578 994 3645 quam
1015 3558 1182 3646 praebent

138 3640 246 3707 Palat.
259 3662 402 3741 paruus,
423 3640 546 3743 Dresd.
558 3642 610 3720 Π.,
634 3654 667 3708 et
681 3644 764 3710 Brit.
786 3665 840 3740 a,
851 3654 884 3709 et
901 3646 1065 3735 scriptura
1072 3640 1180 3747 ¹qaod,

138 3739 298 3811 quaeest
323 3724 472 3819 tau-Brit
492 3746 532 3813 ψ.
583 3727 759 3811 Quomodo
787 3750 898 3813 enim,
925 3729 989 3798 hoo
1016 3741 1181 3821 scriptum

52 3921 55 3925 ,
138 3814 349 3942 compendia*
362 3817 445 3946 qud,
470 3867 518 3913 ex
541 3843 634 3910 nulla
655 3841 721 3914 alia
743 3845 1001 3937 scripturanisi
1029 3870 1073 3916 ex
1101 3870 1180 3938 quo,

138 3928 175 3993 nt
196 3941 245 3993 est
292 3951 450 4012 uoniam,
480 3941 593 3999 ortum
614 3943 674 4002 est·
1122 3982 1126 3989 ·

226 3951 303 4080 Lib.
326 4016 386 4083 Vt.
409 4039 462 4103 ep.
485 4017 515 4083 6.
563 4063 573 4082 .
599 4016 690 4108 149.-
715 4016 852 4101 Quare,
874 4041 1019 4108 qaum,
1049 4031 1090 4085 at
1112 4040 1181 4086 aa·

137 4118 245 4188 grues
265 4111 300 4198 et
320 4102 487 4188 astrologi
506 4041 631 4184 solent,
653 4126 866 4196 egoquoque
888 4118 1003 4191 augur
1018 4102 1182 4192 publicus

139 4208 181 4251 ea
213 4207 299 4252 mets
332 4187 563 4275 superioribus
593 4189 783 4281 praedictis
819 4190 985 4259 constitui
1013 4191 1112 4283 apud
1145 4200 1196 4261 'u-
