2640 4748
972 315 1117 368 cxxxlx

63 490 124 553 tur
145 478 182 544 iu
203 472 312 546 Paris.
326 470 477 574 primo.“
488 506 531 533 -
563 467 819 550 ordinarentur
837 471 997 548 Vorstius
1014 475 1118 548 etism

63 566 99 631 in
122 560 496 647 altnoBr.1nvenisse
520 581 557 635 se
577 557 702 625 scribit.
902 616 904 627 ,
1160 626 1169 644 ,

151 652 224 716 Iam
245 668 326 718 vero
344 646 559 720 dicerentur,
582 655 620 717 ut
637 654 729 712 recte
752 642 884 725 monuit
913 646 1118 712 Garatonius

64 734 106 813 nd
129 736 199 806 cic.
221 746 306 808 oret,
326 732 441 801 Pison.
465 731 500 801 C,
521 729 618 810 XL,
647 727 732 797 ferri
752 752 822 796 non
845 741 955 817 potest
975 743 1127 834 propte-1

61 844 139 905 rea,
171 820 263 908 quod
292 819 479 889 sententiae
508 840 578 883 non
610 815 810 884 dicebantur
837 818 898 885 illo
919 817 956 886 in
980 818 1119 901 rudicio,

62 909 121 978 sed
169 930 207 974 er
229 905 366 991 tabellas
394 905 524 972 occulte
545 902 752 972 ferebantur.
793 907 995 989 narentur,
1027 904 1118 992 quod

59 931 278 1065 uesbabent
306 991 400 1074 libri,
434 1002 467 1060 et
488 989 750 1072 ordinarentur,
786 991 875 1078 quod
905 991 1119 1078 in'rquatuon

61 1092 113 1148 est
134 1080 325 1158 codicibus,
348 1077 407 1164 qui
427 1076 675 1165 compareierit
700 1096 778 1140 cum
800 1076 941 1165 reliquis
962 1076 1119 1144 lectioni-0

59 1168 142 1249 bus,
170 1166 236 1234 nisi
256 1185 397 1253 prorsus
424 1163 504 1229 artis
533 1162 668 1228 criticae
688 1159 865 1249 imperitus
886 1175 952 1243 est,
973 1187 1118 1231 ,necesse

62 1265 116 1321 est
135 1251 435 1337 interpretationes.
457 1247 681 1314 insolentioris
711 1246 810 1312 verbi
840 1271 912 1317 esse
939 1249 1117 1336 intelligat.

60 1339 162 1407 Istius
184 1349 298 1403 sutem
318 1333 545 1403 insolentioris
561 1329 660 1400 verbi
681 1331 821 1432 vestigia
841 1333 1118 1404 manifestissima

28 1461 33 1483 ι
61 1435 142 1490 sunt
172 1422 333 1491 lectiones
362 1419 602 1487 dirivarentu'r
631 1430 664 1485 et
690 1416 915 1488 diruerentur.
959 1422 1118 1511 Quarum
1149 1490 1152 1499 ,

60 1511 193 1599 prime,
218 1506 476 1588 dirivarentur,
505 1506 538 1574 si·
556 1505 751 1574 memineris
778 1507 977 1575 varietatem
997 1509 1119 1578 lectio-

60 1597 132 1675 nis,
155 1592 259 1696 quam
278 1593 393 1683 paullo
410 1605 488 1658 ente
504 1589 545 1656 ed
565 1603 648 1657 orat.
669 1601 749 1692 post
767 1592 840 1657 red.
861 1593 898 1658 in
911 1595 991 1662 Seu.
1004 1596 1135 1664 cxl,
1185 1586 1189 1601 ’
1213 1599 1216 1605 ’

60 1693 269 1766 notavnnus,
288 1679 348 1747 ubi
367 1700 432 1767 pro
454 1675 648 1745 diribitores
668 1699 706 1744 m
727 1677 925 1762 quibusdem
946 1679 1118 1748 codicibus

61 1781 135 1835 erat
156 1767 379 1845 dirivatores,
400 1764 465 1852 ,vel
485 1763 612 1832 invitos
632 1786 695 1830 nos
717 1763 823 1851 cogit,
853 1765 949 1833 utin
970 1767 1118 1856 entiquis
1140 1766 1144 1772 ’

61 1853 156 1921 libris
188 1852 419 1920 diriberentur
446 1848 553 1918 fuisse
576 1851 742 1938 scriptum
771 1864 942 2001 qutemns.
984 1854 1125 1922 Eodem.

62 1939 167 2006 modo
188 1938 226 2004 in
247 1938 419 2027 Appuleio
443 1960 506 2026 pro
533 1935 727 2025 diribitores
747 1936 772 2002 li
798 1938 905 2004 rarios
935 1940 1119 2007 nonnullos

62 2026 258 2097 dirivitores
291 2023 463 2127 scripsisse
495 2021 697 2091 videbimus.
744 2022 867 2089 Altera
899 2023 1119 2095 diruirentur

45 2136 131 2180 ·non
151 2111 265 2178 minus
285 2109 469 2197 vest1gium
490 2120 540 2178 est
560 2108 783 2192 certissimum
807 2107 909 2179 verbi
926 2111 1119 2181 diriberen-

61 2210 138 2276 tur,
169 2197 458 2286 quemadmodum
479 2195 516 2261 in
546 2196 668 2263 eodem
695 2195 754 2262 illo
776 2195 945 2286 Appuleii
972 2199 1049 2266 loco
1080 2201 1119 2267 in

61 2283 158 2351 codd.
181 2284 354 2352 nonnullis
372 2280 560 2349 diruitores
580 2304 644 2371 pro
660 2280 858 2348 diribitores
878 2295 928 2350 est
945 2285 1119 2374 scriptum.

59 2373 161 2438 Hanc
183 2381 299 2435 eutem
325 2367 354 2433 si
375 2367 751 2456 credimus-genuinum
772 2364 876 2434 fuisse
905 2372 1117 2460 scripturam,

60 2457 155 2524 unde
186 2455 433 2521 ordinarentur
460 2453 667 2541 omninoque
693 2463 772 2518 tota.
791 2453 945 2523 lectionis
972 2458 1118 2527 varietas
1171 2507 1174 2511 -

63 2553 138 2609 orta
159 2540 219 2620 sit,
239 2536 420 2627 perspicue
445 2538 652 2627 intelligitur.
695 2540 823 2608 Contra
844 2543 975 2610 nullam
993 2544 1118 2614 harum

63 2629 305 2715 scripturarum
320 2623 524 2704 talemense,
542 2646 629 2712 quse
645 2623 903 2713 dirimerentur,
924 2631 1054 2718 quodSi
1078 2656 1120 2697 o·
1148 2693 1152 2703 ,

61 2715 119 2781 nio
141 2711 183 2776 de
197 2711 305 2781 Iudic.
323 2711 371 2792 H,
393 2729 444 2780 22.
476 2721 510 2777 et
524 2710 708 2777 Garatonio
727 2710 771 2778 ed
789 2723 872 2778 orat.
893 2713 961 2782 Pie'.
985 2716 1029 2783 Os
1064 2718 1117 2785 L.

60 2799 307 2867 restituendum
324 2795 509 2879 visumst,
531 2796 703 2868 sVelerio
725 2795 828 2864 fuisse
849 2798 1013 2890 scriptum
1032 2824 1120 2892 pro-

61 2887 138 2971 bet,
159 2884 272 2973 quivis
295 2885 364 2952 iem
384 2893 504 2971 sponte
528 2882 631 2951 videt.
661 2886 665 2893 '
1022 2900 1025 2909 ·

145 2972 330 3059 Postquam
345 2966 577 3038 diriberentur·
594 2966 790 3039 certissimis
805 2973 1014 3058 argumentis
1031 2995 1118 3042 con-

60 3058 291 3140 firmavimus,
325 3078 372 3124 ne
391 3055 555 3143 postulari
581 3054 762 3145 quideme
790 3056 889 3124 nobis
916 3071 1049 3148 potest,
1077 3071 1119 3128 ut

63 3142 236 3234 quomodo
257 3156 331 3211 vox
351 3142 541 3234 sententiae
561 3163 640 3208 cum
653 3142 765 3208 ‘verbo
784 3142 847 3210 illo
869 3145 1029 3235 coniungi
1050 3170 1133 3236 por

41 3232 182 3313 tuerit,
203 3229 430 3299 ostendemus.
462 3229 524 3295 Est
543 3231 637 3297 enim
656 3227 703 3296 ite
724 3240 857 3297 certum
869 3229 1118 3318 diriberentur,

61 3329 101 3384 ut
123 3318 188 3387 nisi
216 3315 400 3385 conveniet
424 3312 457 3382 ei
477 3336 551 3383 vox
577 3313 782 3398 sententiae,
830 3316 871 3383 in
890 3340 931 3385 ea
951 3320 1118 3388 mendum

63 3405 200 3472 subesse
229 3401 418 3471 necessario
447 3398 663 3468 statuendum
693 3401 748 3467 sit.
797 3400 914 3490 Atque
947 3426 1027 3472 cum
1055 3405 1119 3473 de-

64 3501 290 3557 monstratum
312 3489 371 3573 sit,
392 3488 507 3554 locum
527 3484 620 3552 hunc
633 3484 767 3556 Valerii
786 3510 909 3557 manus
929 3487 1119 3581 interpole-

61 3579 165 3644 trices
188 3585 369 3669 expertum
390 3596 474 3657 esse,
496 3594 567 3641 non
588 3571 663 3638 sine
683 3593 805 3674 magna
827 3575 976 3663 quedam
997 3578 1128 3666 probe,

30 3700 33 3705 ·
63 3665 194 3731 bilitate
215 3659 337 3729 coniici
356 3671 486 3751 posset,
518 3657 681 3748 scriptum
700 3657 805 3726 fursee
825 3661 1028 3764 antiquitus,
1057 3675 1120 3730 ta-

64 3750 175 3823 bellae
196 3744 446 3829 diriberentur,
479 3745 583 3834 idque
602 3744 646 3812 ab
675 3745 751 3812 aliis
772 3757 962 3816 sementes
987 3750 1118 3822 doren-

65 3851 141 3916 tur‚
163 3836 205 3903 eb
227 3834 303 3900 aliis
327 3830 797 3913 sententineordinorentur,
819 3833 862 3902 sb
883 3834 958 3902 eliis
979 3849 1119 3907 senten·

65 3925 138 3990 tiae
159 3923 359 3999 dicerentur
380 3940 453 3985 esse
473 3917 688 4007 explicatum.
731 3920 806 3987 Iam
826 3921 918 4009 quod
932 3919 1021 3997 ‚tlibi
1040 3946 1123 4001 see·‚

65 4013 141 4101 pius
170 4006 316 4090 factum,
355 4005 410 4073 hic
438 4025 574 4106 quoque
600 4005 752 4073 occidere
777 4005 907 4095 potuit,
947 4020 986 4075 ut
1013 4009 1132 4077 altere·

65 4098 175 4184 glossa
195 4094 238 4164 ab
264 4090 421 4158 omnibus
440 4112 479 4157 ιιι
496 4089 610 4165 locum
629 4091 789 4181 antiquae
808 4091 962 4162 lectionis
982 4093 1119 4163 suffice-

64 4195 175 4266 retur,
204 4203 270 4271 pro
291 4179 397 4246 altere
418 4199 439 4242 e
460 4176 631 4243 nonnullis
652 4176 798 4246 librariis
818 4181 967 4267 genuine
991 4182 1118 4248 retine·

66 4281 162 4336 retur
182 4267 367 4358 scripturn,
396 4263 477 4332 lio'et
500 4262 691 4373 {paullulum
719 4265 908 4334 immutatas
952 4268 1000 4335 At
1026 4267 1148 4345 enim,
