2634 4748
150 282 302 333 cnxvnt

234 441 463 510 Nihilominus
493 441 671 515 Manutius
704 441 748 510 de
781 424 880 509 Com.
907 440 1009 509 Rom.
1043 442 1084 509 0.
1116 441 1198 518 XV,

97 600 101 605 ,
148 552 184 620 p.
207 529 283 598 526.
303 527 356 596 ed.
374 530 501 597 Graev.
522 529 674 618 scripsit:
708 542 711 549 '
1105 574 1110 583 .

126 645 130 669 '
153 656 176 715 h
235 712 257 745 „
265 661 368 750 Quod
388 675 502 735 autem
523 664 618 731 etde
639 662 771 730 calculis
786 673 820 728 et
840 659 883 727 de
905 660 1046 742 tabellis,
1067 662 1200 750 populo

150 748 353 833 distributis,
383 751 499 839 paullo
522 762 601 816 ants
623 749 711 834 dixi,
737 748 837 817 ideo
866 746 956 829 dixi,
983 749 1061 836 quia
1085 770 1201 835 neque

149 857 285 901 semer
312 835 445 907 calcidis
471 837 508 901 in
535 834 680 911 feiendo
710 834 890 922 suffragio,
926 856 1035 921 neque
1059 856 1202 923 semper

149 858 279 994 tabellis
299 922 445 1016 populus
467 933 517 987 est
537 946 636 1005 usus,
667 922 725 988 sed
753 920 831 988 solis
852 921 985 988 calculis
1007 931 1085 987 ante
1106 919 1205 1010 leges

147 1008 355 1090 tabellarias,
376 1019 453 1097 post
473 1020 586 1083 autern
608 1031 743 1101 semper
762 1004 904 1073 tabellis.
945 1009 1036 1074 Nam
1059 1006 1204 1079 calculis¹

175 1094 317 1189 opulans
330 1093 367 1170 in
388 1093 533 1183 comitiis
551 1118 625 1165 esse
643 1117 744 1164 usum
765 1115 885 1174 nemo,
905 1094 967 1182 qui
987 1092 1206 1188 Dionysium

148 1118 453 1332 isicius·
473 1181 569 1334 st:
589 1180 926 1336 titubasti
952 1180 1051 1332 aa
1064 1200 1221 1331 sn

150 1352 253 1423 mitiis
268 1287 405 1420 tabellis
419 1290 557 1442 accedit,
578 1354 710 1450 diverse
723 1313 908 1440 insciiptau
929 1286 1202 1438 adqdniingusn·

151 1436 231 1503 dam
250 1438 479 1515 voluntatem:
501 1440 550 1509 sic
571 1452 649 1506 unte
669 1463 724 1507 ess
746 1439 836 1537 leges
859 1435 941 1503 duos
963 1438 1106 1526 quisque
1129 1439 1202 1505 cst.

79 1556 89 1567 ·
151 1525 262 1606 culos,
286 1524 421 1596 diverse
441 1527 623 1609 coloratos,
644 1534 830 1618 acceper1t3
851 1522 985 1604 album,
1003 1537 1050 1607 ¹ut
1070 1546 1203 1612 appro-

149 1611 264 1691 baret;
282 1612 418 1696 nigrum
440 1634 459 1679 e
481 1613 668 1689 contrario:
692 1610 828 1677 excellit
846 1609 937 1676 enim
959 1609 1202 1680 intercalares

149 1695 262 1767 albus:
296 1697 441 1784 ideoque
461 1699 537 1764 Deo
567 1722 640 1767 esse
666 1696 846 1787 praecipue
874 1694 1039 1774 decorum
1065 1705 1143 1761 tum
1163 1696 1201 1772 in

149 1783 287 1865 ceteris,
310 1795 385 1848 tum
406 1785 556 1850 maxime
582 1785 618 1853 iu
640 1782 750 1850 textili
769 1790 888 1863 auctor
910 1792 959 1847 est
978 1782 1085 1847 Plato.
1130 1782 1202 1849 Ita-

149 1890 218 2021 pue
239 1891 437 1956 prosperam
457 1871 667 1946 voluntatem
687 1868 763 1935 albo
784 1867 897 1955 lapillo
921 1867 1144 1954 significatam
1164 1868 1204 1947 in

166 1955 290 2020 erendo
320 1954 498 2041 suffragio,
534 1955 712 2026 adversam
744 1953 841 2039 nigro
865 1951 964 2019 facile
991 1953 1203 2037 ooniicimut,

150 2062 230 2111 cum
252 2041 356 2107 etiam
384 2039 456 2106 dies
477 2038 619 2106 feliciter
639 2046 696 2101 aut
723 2035 903 2101 infeliciter
930 2039 1102 2105 traductos
1124 2036 1204 2105 stbo

150 2130 209 2187 eut
224 2128 296 2182 atro
319 2115 436 2203 lapillo
451 2118 597 2203 signatos
619 2119 777 2203 legumus.
821 2118 1044 2187 Athenienses
1062 2120 1202 2209 quoquo

150 2201 232 2276 albis
263 2199 399 2279 calculis
422 2202 461 2267 in
488 2201 708 2285 absolvendo,
741 2203 848 2289 nigris
875 2202 913 2287 in
940 2207 1198 2289 'condemnando

151 2310 229 2364 usos
251 2308 339 2370 esse,
361 2309 430 2353 non
451 2289 563 2360 solum
583 2291 634 2369 is,
654 2289 715 2379 qul
734 2289 973 2381 Demosthenis
995 2288 1204 2371 orationem,-

150 2393 236 2471 quse
258 2373 449 2441 inscribitur
474 2373 565 2445 sossi
591 2377 702 2465 Ήμοκ
723 2373 841 2452 dsovc,
870 2375 1046 2463 explanat,
1074 2400 1203 2445 verum

150 2459 250 2524 etism
280 2459 382 2534 lulius
408 2459 532 2527 Pollux
559 2461 645 2529 libro
716 2463 757 2529 ΙΙ.
787 2460 865 2526 satis
893 2475 1009 2550 aperte
1038 2461 1201 2537 declarat.-

132 2545 277 2698 ‚Salpuli
294 2544 407 2677 ‘igitur
436 2546 567 2632 colore,
597 2548 738 2626 tabellam
764 2546 984 2647 inscriptione
1013 2547 1204 2639 distingue-

173 2654 215 2704 an
230 2654 281 2698 ur.
667 2652 670 2658 ’
841 2644 845 2652 ’
1048 2662 1053 2669 ·

234 2769 330 2837 Haec
350 2768 541 2853 Manutius,
571 2778 689 2841 contra
713 2788 812 2857 quem
842 2793 954 2872 nuper
979 2768 1103 2836 diserte
1131 2792 1202 2859 pu·

196 2857 265 2926 avit
291 2856 467 2924 Schulzius
493 2858 530 2924 iu
565 2857 673 2937 libro,
712 2856 771 2944 qui
800 2858 991 2924 inscribitur
1018 2856 1104 2924 Von
1133 2854 1202 2931 den

186 2941 288 3007 olksv.
319 2941 379 3008 der
409 2945 550 3009 Riimer.
580 2942 684 3011 Goth.
701 2942 809 3009 ·1815.
837 2967 872 3032 p.
896 2945 971 3010 255,
999 2943 1034 3009 in
1065 2954 1202 3029 receptu

149 3027 307 3113 opinions
334 3050 566 3115 perseverans.
616 3030 730 3113 Atque
759 3040 851 3093 erret
874 3041 992 3118 aperte
1022 3026 1201 3094 Manutius

149 3114 267 3192 ineo,
290 3111 377 3198 quod
402 3126 479 3180 ante
500 3114 590 3199 leges
607 3112 794 3179 tabellarias
815 3114 893 3179 solis
912 3113 1047 3180 calculis
1068 3113 1201 3191 Roma-

149 3220 212 3263 nos
246 3220 324 3263 usos
350 3221 423 3264 esse
450 3197 633 3264 contendit.
682 3200 820 3268 Etenim
848 3224 917 3267 non
939 3201 1059 3267 Cicero
1087 3199 1201 3268 solurit
1231 3214 1235 3220 '

149 3283 192 3349 de
219 3283 324 3375 Legg.
346 3275 388 3352 E.
410 3284 465 3354 111„
493 3285 533 3351 Ο.
554 3284 631 3351 XV.
659 3298 693 3353 et
712 3285 825 3368 XVI„
860 3310 982 3354 verum
1012 3284 1067 3351 ulii
1096 3286 1201 3353 etism

149 3369 328 3457 scriptores
351 3382 429 3446 unte
455 3371 545 3458 leges
569 3371 759 3439 tabellarias
781 3396 865 3440 voce
894 3370 1092 3450 indicenda
1115 3395 1200 3451 sen·

148 3457 253 3522 tentia
274 3478 351 3524 usos
381 3480 454 3524 esse
482 3458 671 3528 memoriae
701 3458 922 3531 tradiderunt.
964 3456 1201 3531 Nihilominus

149 3543 338 3609 maximam·
361 3554 493 3630 pertem
512 3558 595 3609 vera
618 3544 814 3611 Manutlum
834 3544 975 3627 dixisse,
1005 3545 1200 3611 Romanos-

149 3648 223 3784 pus-
235 3628 472 3717 antiquissimis
493 3629 701 3718 temporibus
721 3630 857 3704 calculis
878 3655 950 3709 esse
971 3653 1049 3708 usos
1068 3630 1199 3705 duabus

173 3734 193 3779 e
214 3715 319 3785 causis
340 3715 566 3797 certissimum
585 3726 678 3804 puto.
912 3726 916 3733 “

109 3898 113 3905 -
232 3861 386 3934 Pnimum
412 3858 652 3951 argumentum
672 3876 751 3954 peto
780 3870 825 3934 ex
845 3867 1087 3945 elocutionibus
1115 3861 1207 3952 suf!

136 3944 307 4045 fragium
318 3946 438 4035 ferre,
475 3950 612 4025 mittere
640 3951 678 4016 in
705 3951 901 4048 affingis,
944 3955 1032 4024 inire
1059 3951 1116 4019 vel
1146 3955 1198 4018 ire

114 4038 123 4053 '
143 4034 183 4111 iu
203 4033 436 4185 sufflapt‘um,
463 4057 551 4121 quae
571 4058 634 4101 nos
654 4049 777 4125 cogunt
806 4052 953 4105 statuere
979 4037 1197 4140 suffragium

190 4134 280 4209 opus
301 4119 426 4205 aiqusd
443 4118 656 4217 significasse,
702 4123 828 4193 nodab
850 4125 917 4191 alio
935 4127 1009 4191 loco
1032 4148 1068 4190 m
1092 4125 1196 4189 alium
1225 4130 1249 4209 J

194 4226 250 4277 utu
268 4202 378 4281 lanu
400 4205 453 4281 sit·
497 4208 641 4281 hausi
730 4208 827 4283 initio
854 4234 937 4286 voce
960 4211 1199 4284 tantiunmoda
