2634 4748
1002 281 1111 335 utvn
1213 312 1215 317 .

42 528 45 544 Ι
143 444 489 533 Consentiuntigltur
510 455 544 512 et
572 452 667 512 recte
688 445 823 535 quidem
852 445 889 514 hi
911 465 1031 512 omnes
1054 441 1112 509 in-

54 549 223 625 terpretes
244 535 279 601 in
303 557 354 619 eo,
378 532 469 618 quod
490 527 627 598 dirimit
647 534 818 623 explicant
837 557 900 623 per
921 534 1112 600 interrum—
1206 526 1236 599 ,J

36 692 41 705 ,
51 625 113 714 pit
136 623 192 690 vel
214 621 314 687 tollit.
359 619 452 686 Nem
473 618 645 701 diribeadi
666 621 843 687 notionem
865 619 988 685 babere
1008 620 1127 704 pror-s
1155 630 1164 637 '

31 734 115 802 'sus
138 708 267 793 nequit,
289 728 368 770 eum
391 704 576 771 absurdum
594 705 638 771 sit
651 706 775 788 dicere,
796 704 954 793 suffragia
973 703 1114 770 alicuine
1153 769 1154 772 ,

56 796 257 886 disponere,
283 791 341 878 qui
361 791 453 857 idem
474 791 637 859 admissus
665 803 810 879 negatur
831 815 911 858 esee.
954 789 1114 866 Accedit,
1173 837 1184 846 »

56 881 148 970 quod
169 891 259 946 totus
273 878 368 958 loeus
391 881 551 965 postulat,
575 890 612 943 ut
635 879 774 962 Caesar,
796 879 874 944 licet
892 869 1028 942 coniitia
1048 876 1113 942 ha-
1198 950 1206 958 ‚

55 968 186 1047 buerit,
222 977 338 1030 tamen
363 964 530 1053 populum
560 964 611 1030 uti
630 966 786 1033 libertate
814 986 876 1031 sue
896 986 966 1029 non
1022 973 1115 1028 essue

58 1078 132 1124 esse
151 1053 292 1119 dicatur.
309 1063 316 1095 s
336 1049 399 1117 Cui
420 1050 607 1126 sententiae
627 1054 782 1141 apprime
797 1049 960 1136 convenit
1003 1047 1141 1119 irimit
1249 1128 1252 1132 λ

60 1139 239 1235 eufflagia
260 1139 326 1203 hoo
350 1158 467 1216 sensu,
499 1137 726 1226 interrumpit
747 1136 936 1231 suffragia.
981 1135 1113 1221 Quibus

61 1243 148 1314 ‘quoe
162 1225 275 1292 addita
294 1234 371 1288 sunt
386 1224 491 1290 verba
509 1245 577 1291 non
592 1224 768 1292 admissae
783 1224 898 1327 plebio
917 1222 1008 1289 solus
1022 1233 1115 1287 recte
1138 1261 1140 1267 ,
1259 1253 1264 1260 ·

60 1315 302 1402 interpretetus
334 1321 385 1375 est
411 1311 570 1397 antiquus
596 1311 655 1377 ille
686 1311 899 1392 Schohastes,
934 1310 976 1376 ab
1005 1308 1115 1373 edito·
1151 1331 1155 1349 ·

61 1401 174 1482 ribus,
194 1409 246 1464 >ut
270 1394 424 1476 videtur,
457 1419 527 1461 non
549 1393 754 1478 intellectus,
779 1396 970 1484 explicans:
1002 1395 1115 1461 inter-

62 1485 196 1574 rumpit
216 1483 286 1563 ita,
321 1484 424 1570 quari
443 1482 552 1548 mieea
571 1484 668 1572 plebe
691 1485 866 1554 videretur
889 1483 1010 1550 tulieee
1033 1478 1116 1570 ruf-v

52 1572 196 1665 fragia.
237 1570 315 1636 Hoc
337 1570 427 1634 enim
456 1566 620 1657 significat
642 1571 819 1636 Lucanus:
1145 1586 1147 1593 ·

148 1658 268 1737 Habet,
281 1654 406 1721 Caesar
426 1655 567 1722 dictator
587 1658 734 1736 comitia,
756 1656 935 1744 omniaque
958 1675 1008 1734 ea,
1029 1673 1117 1737 quae

59 1745 260 1817 sollenniter
282 1740 358 1808 fieri
377 1741 415 1808 in
437 1741 600 1827 comitiis,
616 1756 802 1833 ¹antequam
821 1765 845 1831 p
895 1741 969 1807 ulus
991 1737 1118 1806 suffra-

62 1833 118 1922 gie
139 1828 243 1906 ferat,
263 1841 529 1912 consueverunt,
548 1829 628 1911 facit
650 1832 803 1918 quidem,
824 1853 860 1896 ee
911 1825 1060 1894 ita-facit
1077 1834 1119 1890 ut

60 1939 154 2007 rana
173 1917 241 1983 sint
260 1926 295 1980 et
315 1915 388 1983 sine
406 1915 540 1998 effectu,
562 1915 711 2005 adeoque
732 1916 896 2002 euffrhgie
908 1912 1029 2003 plebis,
1051 1932 1119 1978 en·

55 2012 203 2094 'tequam
223 2001 350 2080 totuin
371 2001 572 2089 suffragium
593 2004 698 2070 misso
718 2016 784 2081 est',
805 1999 1031 2089 interrumpit

150 2091 247 2159 Idem
266 2087 324 2154 ille
343 2089 543 2155 scholiastes
562 2090 688 2158 iterum
713 2089 803 2158 solus
824 2099 918 2156 recte
936 2083 1120 2154 illustravit
1194 2126 1197 2131 -

27 2240 31 2251 .
64 2179 169 2249 verba
189 2187 224 2243 et
244 2198 338 2243 uana
359 2187 476 2246 vereat
496 2173 535 2240 in
556 2174 665 2255 urnd,
693 2176 735 2242 ed
756 2199 842 2265 quae
862 2174 952 2242 male
973 2173 1120 2239 editores
1151 2201 1153 2206 ·

13 2309 21 2323 ·
63 2263 243 2359 suffragia
263 2275 426 2350 putarunt
446 2284 509 2349 sup
534 2263 643 2345 lende,
663 2286 744 2329 oum
766 2254 903 2328 deberet
922 2260 1030 2349 repeti
1051 2258 1127 2325 tri-'

64 2352 147 2435 bue,
169 2349 260 2437 quod
282 2348 425 2442 verbum
440 2285 543 2414 modb
564 2351 746 2438 praecedit.
789 2351 912 2434 Neque
926 2348 1018 2412 enim
1036 2368 1119 2411 um-

64 2461 170 2528 quem
191 2435 347 2523 suffragia
377 2434 419 2499 ab
449 2458 507 2518 eo,
537 2437 595 2522 qui
615 2447 751 2538 praerat
778 2436 938 2512 comitiis,
975 2433 1011 2500 in
1032 2451 1122 2499 urna

64 2536 146 2594 eunt
165 2535 315 2589 versatae
349 2521 492 2611 Optime
513 2520 714 2590 Schohastes
735 2521 779 2588 ad
799 2544 922 2589 vocem
944 2540 1035 2586 urna
1057 2517 1122 2584 etl-

65 2609 215 2680 notavitt
264 2605 363 2676 Urna
390 2618 443 2674 eet
470 2633 548 2688 vae,
586 2610 679 2697 quod
702 2621 736 2676 et
769 2626 873 2675 orca
900 2605 1048 2687 dicitur,
1082 2602 1121 2670 iu

66 2721 135 2790 quo
156 2692 296 2847 antiqbui
322 2705 445 2762 eortee,
461 2687 646 2762 mittebant
667 2707 702 2761 et
731 2694 893 2762 munitm
914 2712 1122 2760 conversan·

59 2798 121 2854 'tee
147 2805 245 2850 move
267 2792 340 2850 ant.
390 2778 491 2847 Nam
516 2804 582 2872 per
614 2784 722 2847 eomer
749 2779 936 2870 faciebant
969 2775 1122 2842 comitia.
1202 2793 1205 2798 ·

17 2877 20 2883 '
66 2872 153 2943 Non
174 2891 242 2935 uno
263 2880 384 2934 autem
407 2866 508 2934 modo
529 2878 639 2935 eortee
653 2863 806 2955 fiebant.
851 2862 1007 2947 Quidam
1030 2863 1123 2931 enim

67 2959 107 3026 in
121 2977 240 3034 urna,
263 2955 406 3044 quidam
428 2955 466 3024 in
486 2954 566 3021 eina
587 2955 696 3022 etiam
716 2976 776 3022 eae
798 2951 935 3020 mittere
955 2949 1134 3023 uolebant..

69 3046 202 3111 sensus.
221 3043 326 3130 igitur
347 3041 533 3109 verborum
562 3035 806 3130 Decantatque
833 3036 945 3107 tribue
973 3047 1008 3102 et
1028 3056 1124 3104 vana
1230 3036 1232 3041 ’

68 3141 187 3200 vereat
209 3129 246 3194 in
266 3151 359 3195 urna
378 3130 436 3195 hio
457 3140 524 3194 este
545 3139 642 3196 vocat
659 3128 781 3210 tribus,
804 3148 886 3213 quas
907 3124 1040 3191 sortitus
1062 3133 1125 3201 est,

69 3217 131 3285 sed
151 3218 198 3284 ite
218 3215 358 3282 sortitus
381 3226 446 3296 est,
467 3226 507 3280 ut
526 3215 671 3297 sortitio,
693 3238 770 3281 eum
792 3213 951 3298 suffragia
971 3210 1124 3277 tribuum
1202 3290 1206 3295 ,

69 3305 167 3372 irrita
187 3301 287 3386 fiant,
327 3324 415 3368 vana
446 3303 498 3368 sit.
529 3303 698 3368 -Inversus
718 3301 818 3369 enim
840 3298 1010 3388 paulisper
1037 3295 1128 3360 ordo

70 3391 259 3476 ¹verborum
288 3400 356 3467 est,
400 3389 459 3477 qui
488 3388 533 3456 ite
561 3388 700 3454 debebat
727 3411 748 3453 a
777 3387 933 3474 prosaico
960 3382 1127 3474 scripiore
1234 3454 1236 3462 y

70 3476 164 3545 fieri:
196 3487 374 3561 versatque
394 3475 432 3543 in
454 3497 541 3542 urna
561 3475 668 3542 tribus
689 3483 723 3540 et
743 3473 916 3554 decantat,
941 3470 976 3537 id
1000 3467 1132 3535 eet-oi«

71 3563 140 3632 teri
160 3560 257 3627 iubet
276 3562 404 3645 tribue,
429 3571 574 3650 querum
601 3561 742 3630 nomina
762 3559 933 3626 exierunt,
973 3555 1129 3621 δαὶ-1184

72 3648 133 3716 bet
154 3672 195 3714 eo
216 3647 330 3715 minue
349 3648 407 3715 ille
435 3648 621 3717 verborum
641 3645 724 3713 ordo
747 3643 960 3721 offensionis,
991 3662 1070 3707 cum
1090 3649 1127 3709 et

70 3747 191 3806 vereat
212 3751 275 3830 pro
289 3757 430 3802 verram
451 3737 580 3804 dietum
601 3735 752 3824 accipere
773 3731 892 3833 pqspie.
935 3728 1041 3796 Recte
1061 3750 1132 3793 ana

39 3894 53 3902 ,
74 3824 153 3889 tem'
173 3821 301 3887 dictum
330 3819 438 3888 tribue
466 3845 603 3891 uersare
629 3844 694 3912 pro
723 3831 861 3894 sortire,
894 3835 985 3904 quae
1015 3813 1129 3881 tribue
1215 3854 1220 3860 -
1295 3850 1300 3908 3

70 3910 191 3999 prima
212 3907 428 4000 tuffiagium
445 3907 565 3998 ferat,
592 3924 695 3976 nemo
717 3904 893 3982 dubitabit,
925 3900 984 3989 qui
1006 3900 1130 3967 eodem

73 3998 147 4064 fere
159 3995 263 4062 modo
283 3995 456 4086 prosaicos
476 3995 665 4085 scriptoree'
677 3995 807 4060 loculos
829 4015 902 4057 esee
921 3988 1131 4067 meminerit.
1194 3992 1199 3999 '

75 4083 131 4148 Sic
155 4083 224 4151 Cio.
245 4083 310 4148 Or.
339 4083 423 4168 Agr.
446 4083 487 4148 II.
511 4082 665 4150 c.V111.
688 4082 719 4168 ς.
742 4101 795 4146 21.
825 4075 996 4145 Sortietur
1018 4073 1135 4141 tribue

74 4168 175 4235 idem'
190 4169 342 4255 Ridlue,
363 4171 463 4236 bomo
475 4167 575 4259 felix
596 4171 735 4250 aduret,
763 4189 852 4254 quae
871 4162 983 4241 uolet,
1005 4158 1131 4229 tribue.

76 4255 171 4342 Quor
198 4279 321 4326 novem
352 4256 465 4326 tribui
491 4256 701 4327 decemuiroe
718 4250 894 4346 fecerint,
938 4247 984 4317 ab
1011 4248 1132 4317 eodem
1213 4334 1215 4338 μ
