2640 4748
1050 293 1130 366 'cxl

31 508 34 512 -
84 462 231 542 mutasse
252 436 421 559 bppareatss
436 464 455 553 ἦ
462 436 641 555 Eiusmodi
649 441 732 531 iliud
751 470 804 536 'est
819 465 912 557 quod
933 468 1047 536 stetim
1060 471 1131 539 ini-

84 550 136 615 tio
159 550 304 636 legitur:
348 544 449 637 nullo
475 550 568 617 enlm
598 552 772 637 remedia,
813 575 903 641 quoe
931 557 1132 626 vulneribus

84 634 309 721 adhibentur,
344 645 422 701 tam
431 632 578 736 faciunt
605 637 771 714 dolorem,
785 668 789 675 ·
805 661 912 727 quom
939 664 1030 730 quac
1050 654 1132 712 sunt
1169 670 1172 685 ·

75 722 260 791 salutaria
267 746 278 804 3
308 734 392 808 quae
414 744 462 788 src
482 721 639 811 leguntur
666 723 789 812 scripta
808 727 846 790 in
866 727 980 793 codice
1003 717 1129 796 Erfur-
1225 794 1228 800 ,
1279 786 1281 791 ,

86 816 198 877 tenses
220 808 321 875 nullo
342 810 434 877 enim
452 806 619 888 remedia,
640 832 730 898 quoe
745 811 947 880 vulneribus
960 812 1131 880 adhiben-

73 890 255 975 .lur‚.non
267 891 416 993 faciant
431 893 792 985 dolorm,’quamvi
798 923 815 965 s
834 901 924 966 sint
944 901 1130 972 salutaria.

171 980 320 1046 Omnino
340 976 454 1045 antem
473 980 697 1048 animadverti
723 981 822 1063 lic'et',
848 983 887 1049 in
908 984 957 1051 eis
983 986 1129 1074 scriptis,
1229 1000 1232 1007 ⁴

84 1088 170 1155 quae
192 1066 346 1132 dubitant
365 1066 444 1132 viri*
460 1067 548 1153 docti
569 1090 651 1134 num
680 1067 851 1134 Ciceronis
872 1069 1130 1160 sint,·megn07

24 1208 27 1213 .
82 1176 169 1241 pere
188 1176 209 1216 a
229 1175 265 1216 se
294 1152 470 1243 dissentire
499 1154 636 1220 codices.
680 1154 785 1223 Cuius
803 1156 855 1245 rei
875 1170 1008 1222 causam
1036 1172 1129 1227 non-

83 1238 167 1332 dum
190 1239 347 1343 equidem
367 1239 527 1326 indagare
547 1239 654 1329 potui,
681 1266 684 1271 ·
794 1246 798 1255 '
827 1246 830 1251 ’
877 1254 879 1259 ’

247 1395 313 1487 nn
343 1391 611 1497 sermons,
634 1366 1005 1483 conscensus!
1081 1426 1084 1430 Δ
1120 1360 1124 1367 ’
1184 1390 1187 1401 ’

84 1504 90 1512 ’
169 1517 250 1582 Non
277 1509 392 1597 mag'ni
420 1506 552 1601 pretii(
575 1509 681 1593 Nam·
694 1521 733 1577 ut
758 1511 896 1599 quidam
913 1502 969 1580 “ex
995 1510 1036 1580 eo
1061 1515 1130 1585 loci

81 1599 257 1687 emendari
278 1610 311 1665 et
323 1596 453 1703 possint
472 1607 506 1663 et
521 1594 682 1697 debeant,
704 1597 949 1701 tpmen‘multis
968 1599 1128 1702 inquinass

81 1700 136 1755 tus
156 1682 355 1777 corruptehs
375 1697 478 1755 estac
497 1680 670 1749 nonnullis
684 1686 1128 1777 enam-mterpotaoombus

333 1930 336 1935 .
382 1822 412 1959 ſs
434 1832 760 1941 ,csronmon
877 1851 880 1864 ·

371 1988 445 2107 nn
487 1950 836 2119 snitssicrorn.
872 2064 875 2069 ·
992 2076 996 2091 ·

167 2154 343 2239 Ciceronis
356 2156 501 2239 librum,
524 2161 583 2244 qui
596 2157 789 2224 inscribitur
804 2159 888 2225 Cato
902 2158 1027 2244 Maior,
1046 2161 1126 2233 inda

80 2240 287 2330 abantiquis
310 2244 520 2332 temporibus
539 2243 811 2331 frequentissime
827 2268 865 2312 ac
885 2248 1126 2325 studiosissime

77 2329 264 2395 lectitatum
289 2326 377 2411 esse',
409 2329 499 2395 inter
517 2342 653 2410 omnes,
687 2332 826 2418 opinor,
861 2346 1003 2400 constat.
1041 2337 1125 2403 Non

77 2415 190 2479 minus
209 2427 342 2480 certum
364 2425 430 2496 est,
452 2439 493 2480 ea
508 2426 665 2482 veterum
679 2416 882 2506 scriptorum
901 2442 1017 2508 opere,
1037 2444 1125 2510 quse

29 2494 43 2545 ='
77 2501 308 2587 plurimorum
327 2500 505 2565 hominum
526 2502 679 2568 manibus
690 2514 828 2568 -versata
848 2505 915 2570 sint
931 2518 962 2571 et
974 2504 1125 2590 tractati,

79 2582 236 2655 ontnium
256 2586 409 2650 maxime
434 2585 661 2674 interpretum
682 2588 800 2673 glossis
829 2602 861 2656 et
889 2590 1123 2661 additamentis

78 2674 177 2738 aucta
201 2685 233 2738 et
256 2671 435 2758 depravate
455 2695 537 2738 esse.
564 2673 678 2758 Itaque
696 2673 790 2739 buno
803 2675 974 2743 Ciceronis
995 2680 1123 2745 libr-um

78 2759 122 2824 de
151 2768 321 2824 senectute
349 2758 513 2846 scriptum
533 2758 690 2823 minime.
703 2759 842 2825 deberet·
867 2763 1125 2839 mirumvideri

78 2846 108 2911 si
134 2846 191 2932 qui
214 2845 389 2925 existeret,
424 2844 483 2932 qui
504 2844 596 2909 nulla
625 2843 725 2910 nixus
747 2844 900 2911 codicum
925 2849 1123 2917 auctoritate

76 2932 194 2998 multis
215 2931 253 2994 in
272 2930 354 2995 locis
376 2930 470 2994 'inter
495 2929 697 2996 clationibus
728 2944 926 3020 corruptum
948 2935 1123 3005 existime-

75 3029 138 3084 ret.
181 3017 320 3102 Quanto
342 2953 494 3104 magisii

68 3103 356 3192 ¹approbationem
384 3102 546 3189 consequi
576 3101 709 3168 debebit
728 3103 775 3182 is,
807 3103 866 3190 qui
890 3105 969 3192 ipsis
991 3106 1122 3173 codici-

75 3189 141 3255 bus
163 3186 438 3254 confirmantibus
459 3189 568 3254 multa
588 3188 708 3267 verba,
732 3211 818 3277 quae
836 3213 927 3259 nunc
946 3204 1122 3280 tamquam

36 3280 44 3299 ⁸
75 3298 98 3342 a
118 3273 282 3349 Cicerone
301 3275 455 3363 profecta
475 3273 554 3338 huic
572 3273 659 3339 libro
679 3273 1056 3366 inserta·reperiuntur,
1077 3278 1120 3345 ab

27 3436 32 3442 ,
75 3360 311 3449 interpretibus
333 3372 407 3426 orta
430 3380 503 3426 esse
523 3360 726 3428 contendat?
1181 3378 1184 3387 ’

161 3463 200 3528 Id
221 3472 334 3529 autem
353 3482 416 3550 ego
438 3461 623 3542 contendo,
638 3461 710 3562 'qui
731 3461 905 3548 diligenter
925 3465 1121 3532 considera·

74 3548 122 3616 tis
149 3544 368 3630 lectionibus,
397 3561 487 3636 §quas
522 3570 567 3614 ex
596 3547 709 3614 codrcs
737 3548 939 3616 Erlnrtense
975 3551 1121 3633 enotavi,
1149 3614 1152 3621 ,

76 3632 375 3721 collatisquecum'
402 3635 443 3700 iis
464 3635 691 3721 reliquorum,
727 3633 788 3722 qui'
805 3628 846 3701 nb
874 3636 948 3704 aliis
977 3638 1121 3705 consulti
1180 3640 1207 3697 ἶ

75 3733 176 3806 sunt,
196 3718 348 3786 codicum
367 3720 541 3809 scripturis
561 3719 627 3788 hoc
655 3720 739 3786 mibi
761 3720 879 3787 videor
898 3721 1119 3808 intellexisse,

75 3810 138 3874 vix
165 3802 279 3875 ullum¹
304 3804 477 3889 Ciceronis
509 3812 595 3895 opus
624 3806 781 3898 pluribus
809 3807 1120 3878 Grammaticorum

76 3888 353 3983 explicationibus
375 3906 413 3958 ac
431 3888 548 3978 glossis
563 3893 783 3981 depravatum
804 3917 888 3975 esse,
927 3918 1007 3964 uam
1027 3897 1120 3964 hunc

74 3980 207 4069 ipsum,
229 4000 295 4080 quo
317 3977 360 4044 de
381 3978 509 4066 agitor,
527 3978 664 4047 hbrum.
708 3983 799 4048 Nam
821 3982 890 4049 etsi·
932 3983 1118 4050 ernhardus

40 4064 47 4081 ⁸
75 4067 183 4150 iam,
206 4088 263 4131 vu·
283 4062 540 4145 eruditissimus,
584 4071 708 4156 passim
737 4066 868 4155 expulit
895 4071 1009 4159 inepta
1028 4072 1118 4137 male

77 4144 273 4220 ‘sedulorum
291 4148 480 4217 'bominum
508 4151 749 4236 additamenta,
777 4155 892 4220 'multo
920 4169 1033 4223 tamen
1061 4157 1120 4232 ille

76 4258 179 4328 quarn
208 4236 369 4325 debebat
384 4239 568 4306 modestior
596 4238 659 4307 fuit
685 4238 891 4330 gravemque
918 4266 957 4313 ac
986 4244 1118 4311 dulcem

497 3016 649 3089 ominum
671 3016 846 3083 doctorum
866 3042 1065 3087 consensum
1088 3031 1123 3087 et
1240 3068 1243 3085 .
