2634 4748
157 256 257 322 ‘cult

61 494 74 514 ι
262 419 312 488 Ut
341 419 377 487 in
403 417 554 487 Ausonii
582 417 657 487 ioco
688 417 850 513 diribitot'r
878 396 1098 490 arundidato
1112 405 1236 488 'fuibse
1273 440 1281 454 “

138 554 143 561 ·
176 519 354 596 corruptus
374 508 533 593 negatur,
554 507 612 590 ita
634 507 857 596 Symmachus
883 509 1119 576 diribitionem
1139 511 1238 591 anti-

177 595 255 683 quis
281 595 494 683 temporibus
530 593 763 662 clientelarum
797 596 914 662 cuneis
948 597 1125 685 corrumpi
1158 616 1238 665 esse

67 753 77 764 ,
177 681 312 748 solitam
333 685 391 748 ait.
434 678 567 748 Eadem
588 681 722 771 igitur.
738 678 828 770 quae
849 683 892 748 ad
920 682 1035 749 locum
1055 683 1238 749 Ausonia-

69 842 71 847 ,
144 793 148 805 ’
178 766 413 841 nummonita
433 779 529 847 sunt,
558 768 596 833 in
616 768 708 836 hunc
730 768 872 843 eadunt.
913 771 951 837 A
972 769 1146 836 clientibus
1167 784 1251 835 au·-

174 869 250 924 'tem
272 855 363 942 quod
385 853 536 919 diribitio
557 868 716 944 corrupta
737 856 878 936 dicitur,
900 878 942 922 eo
960 868 1110 945 spectat,
1140 855 1238 943 quod

179 943 281 1009 amici
312 941 587 1019 candidatorum,
615 955 654 1008 ut
684 941 756 1010 uic.
785 943 829 1007 ad
849 942 930 1011 Pis·
945 942 982 1008 C.
1004 944 1089 1012 X2V.
1116 941 1240 1024 refert,

140 1100 141 1104 ,
173 1029 369 1095 ‘diribitores
391 1027 543 1093 solebant
564 1050 654 1109 esse,
682 1039 741 1115 aut
761 1028 849 1115 quod
872 1026 1009 1096 clientes
1030 1040 1240 1118 corrumpe!-

178 1117 264 1182 bant
290 1139 365 1192 eos,
396 1115 517 1200 quibus
537 1115 680 1180 tabellae
708 1126 807 1180 erant
828 1115 1067 1206 disponendae.
1111 1115 1241 1183 Ceste-
1273 1128 1278 1153 ¹

179 1224 261 1270 rum
281 1201 457 1267 falleretur
482 1223 720 1290 magnoperep
738 1203 768 1270 si
792 1201 867 1301 quis
898 1226 943 1270 ex
966 1203 1085 1269 ordine
1105 1203 1240 1269 verbo-

178 1312 260 1359 rum
277 1289 505 1354 coniecturam
527 1290 570 1352 de
592 1310 713 1354 eorum
732 1287 975 1374 significatione
990 1289 1239 1373 facere‘rellet.

180 1377 275 1444 Nam
293 1398 363 1440 non
383 1374 534 1461 legitimo
549 1375 669 1441 ordine
690 1376 794 1442 verba
813 1379 964 1463 posuisse
980 1374 1239 1463 Symmachum,

182 1485 228 1530 cx
250 1484 290 1526 eo
312 1472 469 1550 apparet,
498 1460 589 1548 quod
611 1461 765 1528 sitellam
784 1463 944 1530 venalem
964 1460 1242 1552 post‘diribitio-

182 1571 262 1622 nem
282 1560 468 1627 memorat,
491 1571 576 1635 quae
590 1560 629 1614 ut
649 1546 825 1636 significet,
847 1573 948 1636 quam
971 1572 1040 1614 non
1055 1548 1244 1635 signifieat,

35 1646 39 1651 “
141 1696 143 1701 .
181 1635 384 1702 tabellarum
404 1634 687 1718 ministrationem
694 1639 713 1717 ,'
733 1646 848 1700 tamen
870 1635 1010 1703 debebat
1037 1637 1253 1739 posttsitel-¹

182 1723 257 1791 lam
271 1723 429 1790 uenalem
449 1723 728 1801 commemorari,
750 1722 876 1812 quippe
897 1745 963 1812 qua
984 1744 1091 1805 urna,
1111 1745 1153 1790 1n
1173 1742 1244 1812 qua

184 1822 291 1876 sortes
313 1808 554 1889 versabantur,
576 1808 756 1875 indicetur.

183 1910 191 1919 ‘
219 1924 225 1936 ·
270 1895 459 1981 Ambiguos
481 1895 553 1962 dixi
569 1895 663 1961 locos
683 1893 753 1962 cte.
773 1917 836 1983 pro
849 1895 966 1963 Plano.
988 1896 1027 1963 C.
1042 1896 1103 1964 VI.
1126 1892 1243 1980 §.147

182 1983 316 2074 'Appub
346 1983 430 2050 Met.
459 1983 507 2066 fl,
539 1982 609 2060 52„
643 1993 677 2047 et
704 1980 792 2061 Plin.
820 1984 867 2048 H.
895 1987 942 2052 N·
970 1982 1150 2066 XXXVI,
1186 1982 1241 2049 15.

73 2076 80 2089 ‘
174 2073 318 2145 ‚Eorum
338 2070 491 2158 primum
511 2081 636 2148 tamen,
657 2066 717 2155 qui
736 2080 893 2137 veterum
908 2069 1113 2157 scriptorum
1134 2069 1241 2148 verba

183 2171 279 2226 recte
298 2156 513 2246 interpretari
545 2155 775 2236 didiceruntf
789 2179 888 2222 meae
912 2157 1020 2241 magis
1049 2177 1152 2244 quam
1178 2162 1239 2219 're-

188 2256 305 2334 ceptae
327 2241 513 2310 sententiae
528 2239 854 2330 favereintelligent.
875 2242 1018 2331 Scripsit
1034 2242 1084 2307 ibi
1099 2242 1235 2309 Ciceros

274 2329 374 2399 Num
402 2331 433 2396 si
460 2330 741 2418 quotiescumque
761 2329 979 2418 praeteritus
1004 2327 1073 2396 erit
1102 2332 1150 2409 ia,
1174 2324 1237 2416 qui

187 2441 256 2490 uon
283 2414 442 2484 debuerit
467 2417 671 2504 praeteriri,
712 2419 815 2483 toties
842 2413 1011 2504 oportebit
1035 2438 1136 2497 eum,
1178 2408 1240 2502 qui

187 2503 310 2596 fuctus
332 2502 417 2586 erit,
444 2502 685 2570 condemnari.-
713 2501 803 2570 uiuit
824 2503 898 2570 ium
926 2502 1092 2590 estquod
1110 2499 1243 2592 populo

187 2588 421 2679 supplicetur,
459 2587 550 2654 nibil
568 2589 661 2678 quod
681 2588 855 2676 diribitiot
885 2588 975 2658 nibil
998 2589 1090 2678 quod
1114 2611 1248 2657 renun-

189 2679 298 2745 ciatio
322 2674 832 2771 suffiogiorum'exspectetur..
891 2688 902 2693 ”
1147 2712 1150 2717 ·
1191 2718 1193 2722 -

275 2763 403 2853 Aptior
425 2776 538 2830 autem
558 2761 659 2828 huius
680 2763 750 2830 loci
770 2785 888 2829 sensus
910 2761 1043 2845 existit,
1064 2760 1094 2825 si
1114 2756 1247 2826 diribi-

186 2850 319 2918 tiouem
342 2851 385 2914 de
411 2849 605 2937 separandis
627 2848 867 2916 ordinandisve
887 2848 1018 2914 tabellis
1039 2846 1164 2919 dictam
1184 2868 1248 2911 ar-

95 2982 98 2989 ,
181 2938 375 3018 bitramur,
404 2937 564 3022 quoniam
584 2935 701 3005 verba»
720 2933 810 3001 nibil
829 2937 921 3023 quod
944 2943 1160 3023 exspectetur
1182 2954 1247 2999 eo·

190 3021 269 3090 dem
297 3023 496 3107 modoquo
525 3022 562 3085 in
596 3019 663 3085 Pis.
693 3021 732 3088 0.
760 3021 836 3101 XL.
867 3043 915 3090 uu
944 3043 1006 3108 ego
1037 3029 1278 3106 exspectem.

187 3108 275 3174 dum
299 3119 361 3174 etc.
388 3106 494 3193 magis
515 3105 559 3169 de
588 3105 683 3170 exitu
713 3105 880 3195 quamde
908 3107 1004 3174 initio
1026 3107 1248 3175 comitiorum

188 3207 366 3261 oratorem
381 3192 472 3279 loqui
495 3193 685 3259 ostendunt.
816 3208 824 3218 ⁸
1201 3232 1204 3237 ·

123 3276 130 3293 ⁴
276 3281 375 3359 Duo,
419 3278 478 3365 qui
504 3279 624 3366 reliqui
653 3292 750 3365 sunt,
792 3279 862 3347 loci
887 3303 1000 3368 neque
1029 3281 1072 3347 ad
1094 3277 1248 3358 comitia,

190 3388 302 3454 neque
327 3367 368 3430 ad
389 3365 513 3431 iudicia
533 3366 718 3454 pertinent.
744 3365 798 3433 ·In
816 3367 918 3433 Plinii
939 3368 1054 3436 verbis
1076 3366 1139 3455 qui
1152 3388 1248 3458 gen-

184 3460 244 3520 'tee
265 3464 300 3519 et
322 3473 430 3541 regnu
446 3451 573 3519 diribet
593 3453 654 3520 etsi
675 3451 826 3520 diribere
846 3455 1036 3542 simplicem
1053 3452 1156 3518 dandi
1177 3474 1248 3518 no·

55 3560 58 3567 ’
123 3563 126 3573 ·
166 3540 320 3627 ‚tionem
341 3539 468 3605 habere
489 3540 597 3606 videri
618 3552 746 3628 potest,
766 3551 883 3606 tamen
905 3563 986 3605 cum
1009 3562 1137 3605 nomen
1158 3540 1248 3622 eius,

190 3627 246 3691 cui
266 3632 438 3713 gentes'et
458 3650 564 3712 regna
585 3625 724 3713 dentur,
746 3650 817 3692 non
839 3627 988 3696 additum
1011 3620 1076 3707 sit‚'
1097 3624 1248 3698 credibi-

188 3712 254 3778 lius
277 3724 344 3789 est,
374 3711 575 3814 disponendi
596 3735 698 3778 sensu
728 3711 858 3801 dictum
879 3737 970 3798 esse,
999 3712 1046 3814 ita
1067 3724 1108 3813 ut
1128 3723 1248 3815 noptro

84 3810 88 3816 '
190 3799 297 3863 verbo
316 3798 515 3865 uertitezlem
531 3798 745 3887 respondeat.
777 3801 868 3866 Eum
884 3813 998 3867 autem
1016 3798 1248 3889 sigmficaturn

64 3878 67 3883 ἢ
187 3886 332 3951 minime
354 3887 539 3951 sententiae
565 3908 663 3952 meae
691 3908 882 3974 repugnare
911 3887 1030 3953 deinde
1052 3887 1248 3952 docebitur.

275 3968 382 4058 Apud
404 3971 615 4059 Appuleium
637 3969 833 4058 diribitores
853 3972 946 4040 servi
966 3975 1146 4050 dicuntur,
1168 3971 1249 4059 qui·

189 4056 255 4121 bus
277 4058 319 4121 ad
340 4079 479 4124 coenam
494 4058 546 4122 usi
557 4057 706 4126 Romani
725 4072 816 4125 sunt.
848 4059 962 4147 Atque
976 4060 1042 4150 ipsi
1060 4059 1128 4127 viri
1142 4057 1248 4140 docti,

48 4194 52 4203 ,
177 4201 181 4209 ,
211 4142 247 4208 ui
276 4143 318 4208 de
349 4143 391 4210 iis
425 4156 674 4231 exposuerunt,
716 4143 863 4234 interpp.
892 4147 935 4212 ud
962 4146 1056 4234 App.
1086 4146 1136 4229 Π,
1180 4146 1246 4225 bu,

20 4282 24 4293 .
69 4230 72 4235 ’
187 4166 326 4317 i'ignor.
348 4228 391 4298 de
412 4231 577 4321 servis-p.
602 4251 673 4300 111.
703 4230 894 4323 eclipsim
921 4232 988 4301 Sat.
1008 4233 1060 4316 Π,
1088 4253 1121 4301 1.
1141 4232 1180 4302 iu
1202 4253 1246 4299 eo
