<?xml version="1.0" encoding="UTF-8"?>
<!DOCTYPE html PUBLIC "-//W3C//DTD XHTML 1.0 Transitional//EN"
    "http://www.w3.org/TR/xhtml1/DTD/xhtml1-transitional.dtd">
<html xmlns="http://www.w3.org/1999/xhtml" xml:lang="en" lang="en">
 <head>
  <title>
</title>
<meta http-equiv="Content-Type" content="text/html;charset=utf-8" />
  <meta name='ocr-system' content='tesseract 3.04.00' />
  <meta name='ocr-capabilities' content='ocr_page ocr_carea ocr_par ocr_line ocrx_word'/>
</head>
<body>
  <div class='ocr_page' id='page_1' title='image "./variaelectiones00wundgoog_0046.png"; bbox 0 0 2634 4748; ppageno 0'>
   <div class='ocr_carea' id='block_1_1' title="bbox 1057 272 1128 328">
    <p class='ocr_par' dir='ltr' id='par_1_1' title="bbox 1057 272 1128 328">
     <span class='ocr_line' id='line_1_1' title="bbox 1057 272 1128 328; baseline 0.014 -1"><span class='ocrx_word' id='word_1_1' title='bbox 1057 272 1128 328; x_wconf 68' lang='lat' dir='ltr'><strong>ut</strong></span> 
     </span>
    </p>
   </div>
   <div class='ocr_carea' id='block_1_2' title="bbox 10 381 1303 4240">
    <p class='ocr_par' dir='ltr' id='par_1_2' title="bbox 10 381 1303 4240">
     <span class='ocr_line' id='line_1_2' title="bbox 88 381 1177 409; baseline 0 -3"><span class='ocrx_word' id='word_1_2' title='bbox 88 386 93 406; x_wconf 82' lang='grc' dir='ltr'><strong>Ι</strong></span> <span class='ocrx_word' id='word_1_3' title='bbox 231 395 239 401; x_wconf 86' lang='grc'>-</span> <span class='ocrx_word' id='word_1_4' title='bbox 761 384 766 406; x_wconf 81' lang='grc' dir='ltr'><strong>Ι</strong></span> <span class='ocrx_word' id='word_1_5' title='bbox 1089 402 1092 409; x_wconf 95' lang='grc'>,</span> <span class='ocrx_word' id='word_1_6' title='bbox 1154 381 1177 390; x_wconf 67' lang='grc'><strong>“”</strong></span> 
     </span>
     <span class='ocr_line' id='line_1_3' title="bbox 60 428 1303 523; baseline -0.002 -19"><span class='ocrx_word' id='word_1_7' title='bbox 60 432 299 517; x_wconf 67' lang='lat' dir='ltr'><strong>‚Ciceroniana</strong></span> <span class='ocrx_word' id='word_1_8' title='bbox 335 432 441 500; x_wconf 76' lang='lat' dir='ltr'><strong>rerba</strong></span> <span class='ocrx_word' id='word_1_9' title='bbox 472 428 618 520; x_wconf 76' lang='lat' dir='ltr'><strong>editores</strong></span> <span class='ocrx_word' id='word_1_10' title='bbox 648 428 1057 523; x_wconf 77' lang='lat' dir='ltr'><strong>locum-concesserunt,</strong></span> <span class='ocrx_word' id='word_1_11' title='bbox 1092 429 1132 502; x_wconf 78' lang='lat' dir='ltr'><strong>iu</strong></span> <span class='ocrx_word' id='word_1_12' title='bbox 1205 500 1207 505; x_wconf 86' lang='grc'><em>,</em></span> <span class='ocrx_word' id='word_1_13' title='bbox 1298 459 1303 463; x_wconf 95' lang='grc'><em>·</em></span> 
     </span>
     <span class='ocr_line' id='line_1_4' title="bbox 75 517 1256 604; baseline -0.006 -16"><span class='ocrx_word' id='word_1_14' title='bbox 75 523 194 596; x_wconf 83' lang='lat' dir='ltr'><strong>codice</strong></span> <span class='ocrx_word' id='word_1_15' title='bbox 216 521 408 587; x_wconf 87' lang='lat' dir='ltr'><strong>Erfurtensi</strong></span> <span class='ocrx_word' id='word_1_16' title='bbox 438 520 597 604; x_wconf 76' lang='lat' dir='ltr'><strong>scriptam</strong></span> <span class='ocrx_word' id='word_1_17' title='bbox 626 529 751 595; x_wconf 83' lang='lat' dir='ltr'><strong>extare.</strong></span> <span class='ocrx_word' id='word_1_18' title='bbox 794 517 921 583; x_wconf 76' lang='lat' dir='ltr'><strong>Contra</strong></span> <span class='ocrx_word' id='word_1_19' title='bbox 947 518 985 586; x_wconf 89' lang='lat' dir='ltr'><strong>in</strong></span> <span class='ocrx_word' id='word_1_20' title='bbox 1009 518 1073 583; x_wconf 86' lang='lat' dir='ltr'><strong>beo</strong></span> <span class='ocrx_word' id='word_1_21' title='bbox 1092 517 1132 583; x_wconf 88' lang='lat' dir='ltr'><strong>in</strong></span> <span class='ocrx_word' id='word_1_22' title='bbox 1214 547 1217 551; x_wconf 94' lang='lat'>·</span> <span class='ocrx_word' id='word_1_23' title='bbox 1250 526 1256 540; x_wconf 89' lang='grc'><strong>’</strong></span> 
     </span>
     <span class='ocr_line' id='line_1_5' title="bbox 77 601 1132 694; baseline -0.008 -18"><span class='ocrx_word' id='word_1_24' title='bbox 77 611 238 688; x_wconf 81' lang='lat' dir='ltr'><strong>Pisonem</strong></span> <span class='ocrx_word' id='word_1_25' title='bbox 260 608 413 683; x_wconf 73' lang='lat' dir='ltr'><strong>oratioue</strong></span> <span class='ocrx_word' id='word_1_26' title='bbox 432 605 586 694; x_wconf 83' lang='lat' dir='ltr'><strong>pluribus</strong></span> <span class='ocrx_word' id='word_1_27' title='bbox 607 602 709 671; x_wconf 85' lang='lat' dir='ltr'><strong>etiarn</strong></span> <span class='ocrx_word' id='word_1_28' title='bbox 726 624 831 690; x_wconf 84' lang='lat' dir='ltr'><strong>quam</strong></span> <span class='ocrx_word' id='word_1_29' title='bbox 850 604 920 679; x_wconf 86' lang='lat' dir='ltr'><strong>alii,</strong></span> <span class='ocrx_word' id='word_1_30' title='bbox 943 605 1000 690; x_wconf 91' lang='lat' dir='ltr'><strong>qui</strong></span> <span class='ocrx_word' id='word_1_31' title='bbox 1017 601 1132 690; x_wconf 84' lang='lat' dir='ltr'><strong>collati</strong></span> 
     </span>
     <span class='ocr_line' id='line_1_6' title="bbox 83 687 1242 778; baseline -0.009 -14"><span class='ocrx_word' id='word_1_32' title='bbox 83 706 168 776; x_wconf 80' lang='lat' dir='ltr'><strong>suut,</strong></span> <span class='ocrx_word' id='word_1_33' title='bbox 193 691 379 760; x_wconf 69' lang='lat' dir='ltr'><strong>coniceret</strong></span> <span class='ocrx_word' id='word_1_34' title='bbox 401 692 556 778; x_wconf 70' lang='lat' dir='ltr'><strong>vulgatae</strong></span> <span class='ocrx_word' id='word_1_35' title='bbox 576 688 750 771; x_wconf 79' lang='lat' dir='ltr'>editiones,</span> <span class='ocrx_word' id='word_1_36' title='bbox 770 687 1003 775; x_wconf 74' lang='lat' dir='ltr'><strong>additamentis</strong></span> <span class='ocrx_word' id='word_1_37' title='bbox 1022 690 1135 755; x_wconf 54' lang='lat' dir='ltr'><strong>inter*</strong></span> <span class='ocrx_word' id='word_1_38' title='bbox 1220 732 1242 744; x_wconf 48' lang='grc'><strong>,-</strong></span> 
     </span>
     <span class='ocr_line' id='line_1_7' title="bbox 82 777 1171 886; baseline -0.004 -39"><span class='ocrx_word' id='word_1_39' title='bbox 82 778 216 886; x_wconf 81' lang='lat' dir='ltr'><strong>pre‘tunr</strong></span> <span class='ocrx_word' id='word_1_40' title='bbox 235 791 355 845; x_wconf 86' lang='lat' dir='ltr'><strong>auctus</strong></span> <span class='ocrx_word' id='word_1_41' title='bbox 375 779 554 870; x_wconf 67' lang='lat' dir='ltr'><strong>reperitur.</strong></span> <span class='ocrx_word' id='word_1_42' title='bbox 587 777 637 841; x_wconf 85' lang='lat' dir='ltr'><strong>Ea&#39;</strong></span> <span class='ocrx_word' id='word_1_43' title='bbox 659 797 864 864; x_wconf 84' lang='lat' dir='ltr'><strong>quamquam</strong></span> <span class='ocrx_word' id='word_1_44' title='bbox 879 777 1035 842; x_wconf 89' lang='lat' dir='ltr'><strong>adnotata</strong></span> <span class='ocrx_word' id='word_1_45' title='bbox 1050 785 1134 844; x_wconf 77' lang='lat' dir='ltr'><strong>sunt</strong></span> <span class='ocrx_word' id='word_1_46' title='bbox 1168 805 1171 811; x_wconf 70' lang='grc'><strong>’</strong></span> 
     </span>
     <span class='ocr_line' id='line_1_8' title="bbox 80 861 1138 950; baseline -0.007 -14"><span class='ocrx_word' id='word_1_47' title='bbox 80 893 118 937; x_wconf 85' lang='lat' dir='ltr'><strong>m</strong></span> <span class='ocrx_word' id='word_1_48' title='bbox 146 869 311 931; x_wconf 87' lang='lat' dir='ltr'><strong>varietate</strong></span> <span class='ocrx_word' id='word_1_49' title='bbox 337 867 539 950; x_wconf 76' lang='lat' dir='ltr'><strong>lectionum,</strong></span> <span class='ocrx_word' id='word_1_50' title='bbox 576 873 689 928; x_wconf 86' lang='lat' dir='ltr'><strong>tamen</strong></span> <span class='ocrx_word' id='word_1_51' title='bbox 718 884 789 927; x_wconf 89' lang='lat' dir='ltr'><strong>non</strong></span> <span class='ocrx_word' id='word_1_52' title='bbox 816 863 880 926; x_wconf 89' lang='lat' dir='ltr'><strong>erit</strong></span> <span class='ocrx_word' id='word_1_53' title='bbox 907 863 1043 943; x_wconf 87' lang='lat' dir='ltr'><strong>inutile,</strong></span> <span class='ocrx_word' id='word_1_54' title='bbox 1078 861 1138 929; x_wconf 74' lang='lat' dir='ltr'><strong>hid</strong></span> 
     </span>
     <span class='ocr_line' id='line_1_9' title="bbox 80 948 1251 1026; baseline -0.008 -4"><span class='ocrx_word' id='word_1_55' title='bbox 80 955 194 1022; x_wconf 89' lang='lat' dir='ltr'><strong>denuo</strong></span> <span class='ocrx_word' id='word_1_56' title='bbox 228 973 495 1018; x_wconf 86' lang='lat' dir='ltr'><strong>commemorare</strong></span> <span class='ocrx_word' id='word_1_57' title='bbox 524 959 557 1015; x_wconf 85' lang='lat' dir='ltr'><strong>et</strong></span> <span class='ocrx_word' id='word_1_58' title='bbox 584 959 702 1014; x_wconf 89' lang='lat' dir='ltr'><strong>cuncta</strong></span> <span class='ocrx_word' id='word_1_59' title='bbox 734 948 797 1014; x_wconf 91' lang='lat' dir='ltr'><strong>sub</strong></span> <span class='ocrx_word' id='word_1_60' title='bbox 826 971 939 1014; x_wconf 89' lang='lat' dir='ltr'><strong>unum</strong></span> <span class='ocrx_word' id='word_1_61' title='bbox 965 949 1136 1026; x_wconf 72' lang='lat' dir='ltr'><strong>lectorum</strong></span> <span class='ocrx_word' id='word_1_62' title='bbox 1212 1010 1215 1015; x_wconf 83' lang='lat'><strong>.</strong></span> <span class='ocrx_word' id='word_1_63' title='bbox 1244 964 1251 971; x_wconf 86' lang='grc'><strong>··</strong></span> 
     </span>
     <span class='ocr_line' id='line_1_10' title="bbox 60 1034 1265 1128; baseline -0.002 -24"><span class='ocrx_word' id='word_1_64' title='bbox 60 1040 278 1128; x_wconf 79' lang='lat' dir='ltr'><strong>‘adspectum</strong></span> <span class='ocrx_word' id='word_1_65' title='bbox 300 1038 446 1126; x_wconf 68' lang='lat' dir='ltr'><strong>ponere,</strong></span> <span class='ocrx_word' id='word_1_66' title='bbox 478 1058 544 1123; x_wconf 93' lang='lat' dir='ltr'><strong>quo</strong></span> <span class='ocrx_word' id='word_1_67' title='bbox 567 1037 672 1121; x_wconf 78' lang='lat' dir='ltr'><strong>magis</strong></span> <span class='ocrx_word' id='word_1_68' title='bbox 694 1034 919 1120; x_wconf 76' lang='lat' dir='ltr'><strong>intelligatur,</strong></span> <span class='ocrx_word' id='word_1_69' title='bbox 938 1036 1046 1101; x_wconf 77' lang='lat' dir='ltr'><strong>cuius</strong></span> <span class='ocrx_word' id='word_1_70' title='bbox 1067 1035 1134 1102; x_wconf 85' lang='lat' dir='ltr'><strong>sint</strong></span> <span class='ocrx_word' id='word_1_71' title='bbox 1260 1054 1265 1064; x_wconf 64' lang='grc'><strong>”</strong></span> 
     </span>
     <span class='ocr_line' id='line_1_11' title="bbox 80 1119 1135 1215; baseline -0.004 -23"><span class='ocrx_word' id='word_1_72' title='bbox 80 1127 214 1215; x_wconf 80' lang='lat' dir='ltr'><strong>generis</strong></span> <span class='ocrx_word' id='word_1_73' title='bbox 236 1148 320 1211; x_wconf 85' lang='lat' dir='ltr'><strong>quae</strong></span> <span class='ocrx_word' id='word_1_74' title='bbox 349 1119 580 1211; x_wconf 75' lang='lat' dir='ltr'><strong>explicationis</strong></span> <span class='ocrx_word' id='word_1_75' title='bbox 602 1144 700 1187; x_wconf 83' lang='lat' dir='ltr'><strong>causa</strong></span> <span class='ocrx_word' id='word_1_76' title='bbox 721 1120 910 1187; x_wconf 85' lang='lat' dir='ltr'><strong>adscribere</strong></span> <span class='ocrx_word' id='word_1_77' title='bbox 929 1119 1135 1210; x_wconf 71' lang='lat' dir='ltr'><strong>interpretes</strong></span> 
     </span>
     <span class='ocr_line' id='line_1_12' title="bbox 81 1206 1213 1299; baseline -0.005 -17"><span class='ocrx_word' id='word_1_78' title='bbox 81 1225 118 1282; x_wconf 83' lang='lat' dir='ltr'><strong>et</strong></span> <span class='ocrx_word' id='word_1_79' title='bbox 138 1213 289 1299; x_wconf 87' lang='lat' dir='ltr'><strong>recipere</strong></span> <span class='ocrx_word' id='word_1_80' title='bbox 315 1209 443 1275; x_wconf 89' lang='lat' dir='ltr'><strong>librarii</strong></span> <span class='ocrx_word' id='word_1_81' title='bbox 471 1211 538 1272; x_wconf 89' lang='lat' dir='ltr'><strong>sint</strong></span> <span class='ocrx_word' id='word_1_82' title='bbox 559 1208 659 1272; x_wconf 89' lang='lat' dir='ltr'><strong>soliti.</strong></span> <span class='ocrx_word' id='word_1_83' title='bbox 702 1207 849 1274; x_wconf 82' lang='lat' dir='ltr'><strong>Facilius</strong></span> <span class='ocrx_word' id='word_1_84' title='bbox 874 1207 975 1272; x_wconf 83' lang='lat' dir='ltr'><strong>etiam</strong></span> <span class='ocrx_word' id='word_1_85' title='bbox 996 1209 1044 1275; x_wconf 89' lang='lat' dir='ltr'><strong>ita</strong></span> <span class='ocrx_word' id='word_1_86' title='bbox 1065 1206 1134 1271; x_wconf 88' lang='lat' dir='ltr'><strong>ho·-</strong></span> <span class='ocrx_word' id='word_1_87' title='bbox 1190 1252 1213 1276; x_wconf 74' lang='lat'><strong>.‘</strong></span> 
     </span>
     <span class='ocr_line' id='line_1_13' title="bbox 82 1292 1238 1378; baseline -0.008 -13"><span class='ocrx_word' id='word_1_88' title='bbox 82 1299 195 1366; x_wconf 88' lang='lat' dir='ltr'><strong>mines</strong></span> <span class='ocrx_word' id='word_1_89' title='bbox 224 1295 313 1362; x_wconf 89' lang='lat' dir='ltr'><strong>docti</strong></span> <span class='ocrx_word' id='word_1_90' title='bbox 340 1295 425 1359; x_wconf 90' lang='lat' dir='ltr'><strong>mihi</strong></span> <span class='ocrx_word' id='word_1_91' title='bbox 451 1292 693 1373; x_wconf 83' lang='lat' dir='ltr'><strong>assentientur,</strong></span> <span class='ocrx_word' id='word_1_92' title='bbox 733 1293 798 1358; x_wconf 89' lang='lat' dir='ltr'><strong>alia</strong></span> <span class='ocrx_word' id='word_1_93' title='bbox 825 1292 990 1378; x_wconf 82' lang='lat' dir='ltr'><strong>quaedam</strong></span> <span class='ocrx_word' id='word_1_94' title='bbox 1018 1293 1138 1374; x_wconf 83' lang='lat' dir='ltr'><strong>verba,</strong></span> <span class='ocrx_word' id='word_1_95' title='bbox 1228 1293 1238 1320; x_wconf 87' lang='grc'><strong><em>”</em></strong></span> 
     </span>
     <span class='ocr_line' id='line_1_14' title="bbox 107 1377 1162 1480; baseline -0.011 -29"><span class='ocrx_word' id='word_1_96' title='bbox 107 1407 170 1451; x_wconf 88' lang='lat' dir='ltr'><strong>uae</strong></span> <span class='ocrx_word' id='word_1_97' title='bbox 193 1396 318 1447; x_wconf 54' lang='lat' dir='ltr'><strong>ornnes»</strong></span> <span class='ocrx_word' id='word_1_98' title='bbox 333 1389 538 1469; x_wconf 85' lang='lat' dir='ltr'><strong>occuparunt</strong></span> <span class='ocrx_word' id='word_1_99' title='bbox 559 1377 690 1443; x_wconf 88' lang='lat' dir='ltr'><strong>codices</strong></span> <span class='ocrx_word' id='word_1_100' title='bbox 712 1389 746 1444; x_wconf 87' lang='lat' dir='ltr'><strong>et</strong></span> <span class='ocrx_word' id='word_1_101' title='bbox 767 1379 1062 1480; x_wconf 71' lang='lat' dir='ltr'><strong>editiones‘spuria</strong></span> <span class='ocrx_word' id='word_1_102' title='bbox 1078 1380 1162 1444; x_wconf 61' lang='lat' dir='ltr'><strong>iu·.</strong></span> 
     </span>
     <span class='ocr_line' id='line_1_15' title="bbox 80 1408 1235 1552; baseline -0.003 -14"><span class='ocrx_word' id='word_1_103' title='bbox 80 1408 238 1538; x_wconf 70' lang='lat' dir='ltr'><strong>dicanti.¹</strong></span> <span class='ocrx_word' id='word_1_104' title='bbox 274 1467 365 1532; x_wconf 87' lang='lat' dir='ltr'><strong>Nam</strong></span> <span class='ocrx_word' id='word_1_105' title='bbox 396 1479 433 1532; x_wconf 88' lang='lat' dir='ltr'><strong>ut</strong></span> <span class='ocrx_word' id='word_1_106' title='bbox 460 1463 565 1532; x_wconf 73' lang='lat' dir='ltr'><strong>facile.</strong></span> <span class='ocrx_word' id='word_1_107' title='bbox 588 1476 638 1529; x_wconf 84' lang='lat' dir='ltr'><strong>est</strong></span> <span class='ocrx_word' id='word_1_108' title='bbox 667 1486 707 1530; x_wconf 87' lang='lat' dir='ltr'><strong>ea</strong></span> <span class='ocrx_word' id='word_1_109' title='bbox 738 1467 880 1552; x_wconf 86' lang='lat' dir='ltr'><strong>probare</strong></span> <span class='ocrx_word' id='word_1_110' title='bbox 915 1466 996 1533; x_wconf 81' lang='lat' dir='ltr'><strong>viris</strong></span> <span class='ocrx_word' id='word_1_111' title='bbox 1029 1464 1138 1533; x_wconf 78' lang='lat' dir='ltr'><strong>ddctia</strong></span> <span class='ocrx_word' id='word_1_112' title='bbox 1228 1528 1235 1544; x_wconf 77' lang='grc'><strong>,.</strong></span> 
     </span>
     <span class='ocr_line' id='line_1_16' title="bbox 51 1549 1194 1646; baseline -0.004 -23"><span class='ocrx_word' id='word_1_113' title='bbox 51 1606 54 1615; x_wconf 73' lang='grc'><strong>.</strong></span> <span class='ocrx_word' id='word_1_114' title='bbox 81 1554 220 1624; x_wconf 88' lang='lat' dir='ltr'><strong>insititia</strong></span> <span class='ocrx_word' id='word_1_115' title='bbox 240 1576 332 1634; x_wconf 88' lang='lat' dir='ltr'><strong>esse,</strong></span> <span class='ocrx_word' id='word_1_116' title='bbox 368 1575 455 1639; x_wconf 88' lang='lat' dir='ltr'><strong>quae</strong></span> <span class='ocrx_word' id='word_1_117' title='bbox 479 1551 651 1617; x_wconf 86' lang='lat' dir='ltr'><strong>nonnullis</strong></span> <span class='ocrx_word' id='word_1_118' title='bbox 672 1549 708 1646; x_wconf 79' lang='lat' dir='ltr'><strong>ip</strong></span> <span class='ocrx_word' id='word_1_119' title='bbox 733 1551 912 1626; x_wconf 62' lang='lat' dir='ltr'><strong>codicibus„</strong></span> <span class='ocrx_word' id='word_1_120' title='bbox 922 1551 1139 1631; x_wconf 79' lang='lat' dir='ltr'><strong>omittuntur,</strong></span> <span class='ocrx_word' id='word_1_121' title='bbox 1189 1594 1194 1603; x_wconf 63' lang='grc'><strong>«</strong></span> 
     </span>
     <span class='ocr_line' id='line_1_17' title="bbox 82 1636 1223 1726; baseline -0.002 -19"><span class='ocrx_word' id='word_1_122' title='bbox 82 1636 130 1715; x_wconf 86' lang='lat' dir='ltr'><strong>ita</strong></span> <span class='ocrx_word' id='word_1_123' title='bbox 149 1639 412 1711; x_wconf 66' lang='lat' dir='ltr'><strong>difficillimum..</strong></span> <span class='ocrx_word' id='word_1_124' title='bbox 421 1637 610 1705; x_wconf 85' lang='lat' dir='ltr'><strong>eorundem</strong></span> <span class='ocrx_word' id='word_1_125' title='bbox 633 1638 793 1724; x_wconf 88' lang='lat' dir='ltr'><strong>consequi</strong></span> <span class='ocrx_word' id='word_1_126' title='bbox 808 1637 1088 1726; x_wconf 85' lang='lat' dir='ltr'><strong>approbationem</strong></span> <span class='ocrx_word' id='word_1_127' title='bbox 1102 1649 1137 1705; x_wconf 87' lang='lat' dir='ltr'><strong>et</strong></span> <span class='ocrx_word' id='word_1_128' title='bbox 1221 1636 1223 1641; x_wconf 67' lang='grc'>’</span> 
     </span>
     <span class='ocr_line' id='line_1_18' title="bbox 83 1723 1138 1812; baseline -0.009 -14"><span class='ocrx_word' id='word_1_129' title='bbox 83 1749 296 1805; x_wconf 84' lang='lat' dir='ltr'><strong>consensum,</strong></span> <span class='ocrx_word' id='word_1_130' title='bbox 314 1724 439 1811; x_wconf 76' lang='lat' dir='ltr'><strong>siquis</strong></span> <span class='ocrx_word' id='word_1_131' title='bbox 460 1745 547 1812; x_wconf 86' lang='lat' dir='ltr'><strong>quae</strong></span> <span class='ocrx_word' id='word_1_132' title='bbox 567 1723 721 1790; x_wconf 87' lang='lat' dir='ltr'><strong>omnium</strong></span> <span class='ocrx_word' id='word_1_133' title='bbox 734 1726 886 1790; x_wconf 86' lang='lat' dir='ltr'><strong>nitantur</strong></span> <span class='ocrx_word' id='word_1_134' title='bbox 900 1724 1056 1790; x_wconf 86' lang='lat' dir='ltr'><strong>codicum</strong></span> <span class='ocrx_word' id='word_1_135' title='bbox 1069 1747 1138 1810; x_wconf 44' lang='lat' dir='ltr'><strong>auf</strong></span> 
     </span>
     <span class='ocr_line' id='line_1_19' title="bbox 85 1809 1137 1886; baseline -0.003 -7"><span class='ocrx_word' id='word_1_136' title='bbox 85 1814 241 1886; x_wconf 88' lang='lat' dir='ltr'><strong>ctoritate</strong></span> <span class='ocrx_word' id='word_1_137' title='bbox 255 1811 424 1878; x_wconf 79' lang='lat' dir='ltr'><strong>eiicienda</strong></span> <span class='ocrx_word' id='word_1_138' title='bbox 437 1809 626 1876; x_wconf 56' lang='lat' dir='ltr'><strong>contendit.</strong></span> <span class='ocrx_word' id='word_1_139' title='bbox 658 1809 725 1876; x_wconf 70' lang='lat' dir='ltr'><strong>esd</strong></span> <span class='ocrx_word' id='word_1_140' title='bbox 743 1811 833 1875; x_wconf 88' lang='lat' dir='ltr'><strong>hanc</strong></span> <span class='ocrx_word' id='word_1_141' title='bbox 847 1811 1038 1876; x_wconf 85' lang='lat' dir='ltr'><strong>orationem</strong></span> <span class='ocrx_word' id='word_1_142' title='bbox 1047 1833 1137 1882; x_wconf 84' lang='lat' dir='ltr'><strong>cum</strong></span> 
     </span>
     <span class='ocr_line' id='line_1_20' title="bbox 88 1895 1220 1984; baseline -0.001 -21"><span class='ocrx_word' id='word_1_143' title='bbox 88 1897 323 1965; x_wconf 87' lang='lat' dir='ltr'><strong>contendi-mus</strong></span> <span class='ocrx_word' id='word_1_144' title='bbox 344 1895 380 1961; x_wconf 88' lang='lat' dir='ltr'><strong>in</strong></span> <span class='ocrx_word' id='word_1_145' title='bbox 401 1897 493 1963; x_wconf 87' lang='lat' dir='ltr'><strong>nullo</strong></span> <span class='ocrx_word' id='word_1_146' title='bbox 515 1896 687 1978; x_wconf 82' lang='lat' dir='ltr'><strong>codicum,</strong></span> <span class='ocrx_word' id='word_1_147' title='bbox 715 1897 773 1983; x_wconf 92' lang='lat' dir='ltr'><strong>qui</strong></span> <span class='ocrx_word' id='word_1_148' title='bbox 795 1895 906 1962; x_wconf 88' lang='lat' dir='ltr'><strong>collati</strong></span> <span class='ocrx_word' id='word_1_149' title='bbox 928 1895 1038 1964; x_wconf 88' lang='lat' dir='ltr'><strong>adhuc</strong></span> <span class='ocrx_word' id='word_1_150' title='bbox 1058 1896 1146 1984; x_wconf 75' lang='lat' dir='ltr'><strong>sint,</strong></span> <span class='ocrx_word' id='word_1_151' title='bbox 1216 1906 1220 1911; x_wconf 86' lang='lat'>&#39;</span> 
     </span>
     <span class='ocr_line' id='line_1_21' title="bbox 89 1981 1174 2072; baseline -0.003 -22"><span class='ocrx_word' id='word_1_152' title='bbox 89 1983 202 2050; x_wconf 85' lang='lat' dir='ltr'><strong>verbis</strong></span> <span class='ocrx_word' id='word_1_153' title='bbox 222 1981 368 2048; x_wconf 83' lang='lat' dir='ltr'><strong>insititiie</strong></span> <span class='ocrx_word' id='word_1_154' title='bbox 383 2006 522 2072; x_wconf 82' lang='lat' dir='ltr'><strong>prorsus</strong></span> <span class='ocrx_word' id='word_1_155' title='bbox 543 2004 685 2048; x_wconf 84' lang='lat' dir='ltr'><strong>vacuam</strong></span> <span class='ocrx_word' id='word_1_156' title='bbox 708 2005 782 2048; x_wconf 85' lang='lat' dir='ltr'><strong>esse</strong></span> <span class='ocrx_word' id='word_1_157' title='bbox 804 1997 985 2066; x_wconf 69' lang='lat' dir='ltr'><strong>serratam,</strong></span> <span class='ocrx_word' id='word_1_158' title='bbox 1006 2005 1146 2071; x_wconf 62' lang='lat' dir='ltr'><strong>perona⁴</strong></span> <span class='ocrx_word' id='word_1_159' title='bbox 1170 2039 1174 2047; x_wconf 93' lang='lat'><strong>.</strong></span> 
     </span>
     <span class='ocr_line' id='line_1_22' title="bbox 116 2067 1137 2158; baseline 0.003 -25"><span class='ocrx_word' id='word_1_160' title='bbox 116 2081 235 2147; x_wconf 70' lang='lat' dir='ltr'><strong>ortuue¹</strong></span> <span class='ocrx_word' id='word_1_161' title='bbox 254 2069 390 2150; x_wconf 87' lang='lat' dir='ltr'><strong>accidit,</strong></span> <span class='ocrx_word' id='word_1_162' title='bbox 408 2139 412 2144; x_wconf 63' lang='grc'><strong>,</strong></span> <span class='ocrx_word' id='word_1_163' title='bbox 431 2068 523 2157; x_wconf 90' lang='lat' dir='ltr'><strong>quod</strong></span> <span class='ocrx_word' id='word_1_164' title='bbox 544 2067 743 2134; x_wconf 85' lang='lat' dir='ltr'><strong>sententiam</strong></span> <span class='ocrx_word' id='word_1_165' title='bbox 765 2079 917 2142; x_wconf 82' lang='lat' dir='ltr'><strong>nostram</strong></span> <span class='ocrx_word' id='word_1_166' title='bbox 936 2069 1137 2158; x_wconf 84' lang='lat' dir='ltr'><strong>gravissimo</strong></span> 
     </span>
     <span class='ocr_line' id='line_1_23' title="bbox 88 2093 1180 2239; baseline -0.002 -16"><span class='ocrx_word' id='word_1_167' title='bbox 88 2093 308 2223; x_wconf 62' lang='lat' dir='ltr'><strong>brennensi</strong></span> <span class='ocrx_word' id='word_1_168' title='bbox 332 2156 455 2223; x_wconf 85' lang='lat' dir='ltr'><strong>veteris</strong></span> <span class='ocrx_word' id='word_1_169' title='bbox 476 2156 680 2236; x_wconf 83' lang='lat' dir='ltr'><strong>testimonio,</strong></span> <span class='ocrx_word' id='word_1_170' title='bbox 698 2160 701 2164; x_wconf 74' lang='grc'>’</span> <span class='ocrx_word' id='word_1_171' title='bbox 725 2154 904 2223; x_wconf 85' lang='lat' dir='ltr'><strong>undinfra</strong></span> <span class='ocrx_word' id='word_1_172' title='bbox 924 2179 1146 2239; x_wconf 25' lang='lat' dir='ltr'><strong>commemo-¹</strong></span> <span class='ocrx_word' id='word_1_173' title='bbox 1179 2185 1180 2189; x_wconf 43' lang='lat'>¹</span> 
     </span>
     <span class='ocr_line' id='line_1_24' title="bbox 85 2179 1138 2330; baseline 0.004 -24"><span class='ocrx_word' id='word_1_174' title='bbox 85 2242 228 2329; x_wconf 82' lang='lat' dir='ltr'><strong>rabitur,</strong></span> <span class='ocrx_word' id='word_1_175' title='bbox 249 2264 428 2330; x_wconf 89' lang='lat' dir='ltr'><strong>possumus</strong></span> <span class='ocrx_word' id='word_1_176' title='bbox 448 2241 662 2310; x_wconf 86' lang='lat' dir='ltr'><strong>confirmare.</strong></span> <span class='ocrx_word' id='word_1_177' title='bbox 698 2179 799 2328; x_wconf 46' lang='lat' dir='ltr'><strong>&amp;uae</strong></span> <span class='ocrx_word' id='word_1_178' title='bbox 819 2265 874 2308; x_wconf 88' lang='lat' dir='ltr'><strong>res</strong></span> <span class='ocrx_word' id='word_1_179' title='bbox 895 2241 1027 2325; x_wconf 84' lang='lat' dir='ltr'><strong>efficiet,</strong></span> <span class='ocrx_word' id='word_1_180' title='bbox 1049 2242 1138 2310; x_wconf 87' lang='lat' dir='ltr'><strong>utin</strong></span> 
     </span>
     <span class='ocr_line' id='line_1_25' title="bbox 86 2325 1139 2416; baseline -0.002 -20"><span class='ocrx_word' id='word_1_181' title='bbox 86 2330 161 2396; x_wconf 79' lang='lat' dir='ltr'><strong>&#39;eliis</strong></span> <span class='ocrx_word' id='word_1_182' title='bbox 199 2328 302 2394; x_wconf 86' lang='lat' dir='ltr'><strong>etiam</strong></span> <span class='ocrx_word' id='word_1_183' title='bbox 340 2327 545 2394; x_wconf 87' lang='lat' dir='ltr'><strong>orationibus</strong></span> <span class='ocrx_word' id='word_1_184' title='bbox 576 2325 683 2395; x_wconf 86' lang='lat' dir='ltr'><strong>sicubi</strong></span> <span class='ocrx_word' id='word_1_185' title='bbox 715 2328 833 2416; x_wconf 86' lang='lat' dir='ltr'><strong>spuria</strong></span> <span class='ocrx_word' id='word_1_186' title='bbox 864 2327 1139 2410; x_wconf 85' lang='lat' dir='ltr'><strong>iudicaverimus,</strong></span> 
     </span>
     <span class='ocr_line' id='line_1_26' title="bbox 48 2414 1138 2504; baseline 0.003 -25"><span class='ocrx_word' id='word_1_187' title='bbox 48 2456 51 2460; x_wconf 34' lang='grc' dir='ltr'><em>ν</em></span> <span class='ocrx_word' id='word_1_188' title='bbox 86 2436 172 2502; x_wconf 86' lang='lat' dir='ltr'><strong>quae</strong></span> <span class='ocrx_word' id='word_1_189' title='bbox 193 2415 230 2479; x_wconf 89' lang='lat' dir='ltr'><strong>in</strong></span> <span class='ocrx_word' id='word_1_190' title='bbox 252 2415 409 2480; x_wconf 87' lang='lat' dir='ltr'><strong>omnibus</strong></span> <span class='ocrx_word' id='word_1_191' title='bbox 430 2417 554 2504; x_wconf 84' lang='lat' dir='ltr'><strong>scripta</strong></span> <span class='ocrx_word' id='word_1_192' title='bbox 575 2414 690 2480; x_wconf 81' lang='lat' dir='ltr'><strong>exient</strong></span> <span class='ocrx_word' id='word_1_193' title='bbox 712 2415 893 2497; x_wconf 88' lang='lat' dir='ltr'><strong>codicibus,</strong></span> <span class='ocrx_word' id='word_1_194' title='bbox 914 2416 947 2481; x_wconf 90' lang='lat' dir='ltr'><strong>id</strong></span> <span class='ocrx_word' id='word_1_195' title='bbox 970 2438 1012 2480; x_wconf 84' lang='lat' dir='ltr'><strong>eo</strong></span> <span class='ocrx_word' id='word_1_196' title='bbox 1023 2415 1138 2482; x_wconf 81' lang='lat' dir='ltr'><strong>minus</strong></span> 
     </span>
     <span class='ocr_line' id='line_1_27' title="bbox 59 2501 1138 2587; baseline 0.002 -21"><span class='ocrx_word' id='word_1_197' title='bbox 59 2501 208 2566; x_wconf 53' lang='lat' dir='ltr'><strong>‘habeat</strong></span> <span class='ocrx_word' id='word_1_198' title='bbox 235 2501 447 2579; x_wconf 86' lang='lat' dir='ltr'><strong>offensionis,</strong></span> <span class='ocrx_word' id='word_1_199' title='bbox 483 2524 552 2586; x_wconf 92' lang='lat' dir='ltr'><strong>quo</strong></span> <span class='ocrx_word' id='word_1_200' title='bbox 584 2501 786 2587; x_wconf 88' lang='lat' dir='ltr'><strong>antiquiores</strong></span> <span class='ocrx_word' id='word_1_201' title='bbox 814 2513 896 2567; x_wconf 88' lang='lat' dir='ltr'><strong>sunt</strong></span> <span class='ocrx_word' id='word_1_202' title='bbox 922 2501 1002 2568; x_wconf 89' lang='lat' dir='ltr'><strong>libri</strong></span> <span class='ocrx_word' id='word_1_203' title='bbox 1032 2523 1138 2569; x_wconf 86' lang='lat' dir='ltr'><strong>manu</strong></span> 
     </span>
     <span class='ocr_line' id='line_1_28' title="bbox 47 2585 1144 2672; baseline 0.001 -20"><span class='ocrx_word' id='word_1_204' title='bbox 47 2609 61 2652; x_wconf 86' lang='lat'><strong>.·</strong></span> <span class='ocrx_word' id='word_1_205' title='bbox 85 2586 217 2672; x_wconf 87' lang='lat' dir='ltr'><strong>scripti,</strong></span> <span class='ocrx_word' id='word_1_206' title='bbox 261 2607 325 2671; x_wconf 87' lang='lat' dir='ltr'><strong>per</strong></span> <span class='ocrx_word' id='word_1_207' title='bbox 354 2607 437 2670; x_wconf 90' lang='lat' dir='ltr'><strong>quos</strong></span> <span class='ocrx_word' id='word_1_208' title='bbox 458 2585 642 2665; x_wconf 86' lang='lat' dir='ltr'><strong>Pisoniana</strong></span> <span class='ocrx_word' id='word_1_209' title='bbox 669 2588 765 2653; x_wconf 86' lang='lat' dir='ltr'><strong>nobis</strong></span> <span class='ocrx_word' id='word_1_210' title='bbox 788 2600 921 2654; x_wconf 80' lang='lat' dir='ltr'><strong>servata</strong></span> <span class='ocrx_word' id='word_1_211' title='bbox 944 2589 1051 2654; x_wconf 85' lang='lat' dir='ltr'><strong>oratio</strong></span> <span class='ocrx_word' id='word_1_212' title='bbox 1078 2601 1144 2670; x_wconf 75' lang='lat' dir='ltr'><strong>est,</strong></span> 
     </span>
     <span class='ocr_line' id='line_1_29' title="bbox 85 2670 1198 2760; baseline 0.001 -20"><span class='ocrx_word' id='word_1_213' title='bbox 85 2673 135 2740; x_wconf 89' lang='lat' dir='ltr'><strong>ita</strong></span> <span class='ocrx_word' id='word_1_214' title='bbox 168 2681 206 2735; x_wconf 89' lang='lat' dir='ltr'><strong>ut</strong></span> <span class='ocrx_word' id='word_1_215' title='bbox 243 2692 299 2736; x_wconf 82' lang='lat' dir='ltr'><strong>eos</strong></span> <span class='ocrx_word' id='word_1_216' title='bbox 337 2670 491 2736; x_wconf 87' lang='lat' dir='ltr'><strong>omniurn</strong></span> <span class='ocrx_word' id='word_1_217' title='bbox 520 2670 661 2746; x_wconf 87' lang='lat' dir='ltr'><strong>minime</strong></span> <span class='ocrx_word' id='word_1_218' title='bbox 691 2671 911 2758; x_wconf 86' lang='lat' dir='ltr'><strong>interpolatos</strong></span> <span class='ocrx_word' id='word_1_219' title='bbox 938 2697 1012 2739; x_wconf 88' lang='lat' dir='ltr'><strong>esse</strong></span> <span class='ocrx_word' id='word_1_220' title='bbox 1040 2697 1140 2760; x_wconf 81' lang='lat' dir='ltr'><strong>posse</strong></span> <span class='ocrx_word' id='word_1_221' title='bbox 1195 2750 1198 2756; x_wconf 90' lang='lat'><strong>.</strong></span> 
     </span>
     <span class='ocr_line' id='line_1_30' title="bbox 86 2755 1238 2845; baseline 0 -20"><span class='ocrx_word' id='word_1_222' title='bbox 86 2755 252 2830; x_wconf 76' lang='lat' dir='ltr'><strong>credibile</strong></span> <span class='ocrx_word' id='word_1_223' title='bbox 279 2757 333 2822; x_wconf 85' lang='lat' dir='ltr'><strong>sit.</strong></span> <span class='ocrx_word' id='word_1_224' title='bbox 381 2757 517 2844; x_wconf 83' lang='lat' dir='ltr'><strong>Duple&#39;x</strong></span> <span class='ocrx_word' id='word_1_225' title='bbox 543 2756 647 2841; x_wconf 89' lang='lat' dir='ltr'><strong>igitur</strong></span> <span class='ocrx_word' id='word_1_226' title='bbox 675 2759 817 2823; x_wconf 88' lang='lat' dir='ltr'><strong>omniuo</strong></span> <span class='ocrx_word' id='word_1_227' title='bbox 837 2758 1142 2845; x_wconf 81' lang='lat' dir='ltr'><strong>interpolationum</strong></span> <span class='ocrx_word' id='word_1_228' title='bbox 1180 2785 1182 2788; x_wconf 90' lang='lat'>·</span> <span class='ocrx_word' id='word_1_229' title='bbox 1235 2786 1238 2797; x_wconf 63' lang='lat'>=</span> 
     </span>
     <span class='ocr_line' id='line_1_31' title="bbox 87 2842 1142 2933; baseline 0.001 -23"><span class='ocrx_word' id='word_1_230' title='bbox 87 2867 193 2933; x_wconf 83' lang='lat' dir='ltr'><strong>genus</strong></span> <span class='ocrx_word' id='word_1_231' title='bbox 215 2853 283 2926; x_wconf 74' lang='lat' dir='ltr'><strong>est,</strong></span> <span class='ocrx_word' id='word_1_232' title='bbox 303 2842 438 2930; x_wconf 56' lang='lat' dir='ltr'><strong>*quibus</strong></span> <span class='ocrx_word' id='word_1_233' title='bbox 467 2848 644 2932; x_wconf 84' lang='lat' dir='ltr'><strong>corruptae</strong></span> <span class='ocrx_word' id='word_1_234' title='bbox 666 2843 839 2910; x_wconf 83' lang='lat' dir='ltr'><strong>Ciceronis</strong></span> <span class='ocrx_word' id='word_1_235' title='bbox 863 2847 1142 2928; x_wconf 79' lang='lat' dir='ltr'><strong>orationessunt,</strong></span> 
     </span>
     <span class='ocr_line' id='line_1_32' title="bbox 88 2929 1143 3020; baseline 0.002 -23"><span class='ocrx_word' id='word_1_236' title='bbox 88 2932 236 3017; x_wconf 81' lang='lat' dir='ltr'><strong>alterum</strong></span> <span class='ocrx_word' id='word_1_237' title='bbox 255 2930 439 3017; x_wconf 77' lang='lat' dir='ltr'><strong>antiquius,</strong></span> <span class='ocrx_word' id='word_1_238' title='bbox 476 2929 567 3017; x_wconf 90' lang='lat' dir='ltr'><strong>quod</strong></span> <span class='ocrx_word' id='word_1_239' title='bbox 593 2952 656 3018; x_wconf 90' lang='lat' dir='ltr'><strong>per</strong></span> <span class='ocrx_word' id='word_1_240' title='bbox 682 2936 799 2997; x_wconf 86' lang='lat' dir='ltr'><strong>olnnee</strong></span> <span class='ocrx_word' id='word_1_241' title='bbox 826 2930 985 3020; x_wconf 85' lang='lat' dir='ltr'><strong>deinceps</strong></span> <span class='ocrx_word' id='word_1_242' title='bbox 1008 2929 1143 2999; x_wconf 63' lang='lat' dir='ltr'><strong>codices</strong></span> 
     </span>
     <span class='ocr_line' id='line_1_33' title="bbox 115 3017 1142 3106; baseline 0.004 -23"><span class='ocrx_word' id='word_1_243' title='bbox 115 3027 313 3104; x_wconf 86' lang='lat' dir='ltr'><strong>ropagatum</strong></span> <span class='ocrx_word' id='word_1_244' title='bbox 329 3027 388 3095; x_wconf 87' lang='lat' dir='ltr'><strong>est,</strong></span> <span class='ocrx_word' id='word_1_245' title='bbox 406 3018 573 3082; x_wconf 86' lang='lat' dir='ltr'><strong>recentius</strong></span> <span class='ocrx_word' id='word_1_246' title='bbox 587 3017 742 3092; x_wconf 82' lang='lat' dir='ltr'><strong>alterum,</strong></span> <span class='ocrx_word' id='word_1_247' title='bbox 757 3039 826 3105; x_wconf 91' lang='lat' dir='ltr'><strong>quo</strong></span> <span class='ocrx_word' id='word_1_248' title='bbox 839 3017 994 3106; x_wconf 73' lang='lat' dir='ltr'><strong>nonnulli</strong></span> <span class='ocrx_word' id='word_1_249' title='bbox 1007 3027 1142 3087; x_wconf 87' lang='lat' dir='ltr'><strong>tantum</strong></span> 
     </span>
     <span class='ocr_line' id='line_1_34' title="bbox 10 3041 1151 3192; baseline 0.007 -24"><span class='ocrx_word' id='word_1_250' title='bbox 10 3141 12 3146; x_wconf 95' lang='lat'>·</span> <span class='ocrx_word' id='word_1_251' title='bbox 88 3041 301 3189; x_wconf 18' lang='lat' dir='ltr'><strong>iibrixrnanu</strong></span> <span class='ocrx_word' id='word_1_252' title='bbox 322 3103 439 3190; x_wconf 88' lang='lat' dir='ltr'><strong>scripti</strong></span> <span class='ocrx_word' id='word_1_253' title='bbox 460 3104 549 3168; x_wconf 89' lang='lat' dir='ltr'><strong>aucti</strong></span> <span class='ocrx_word' id='word_1_254' title='bbox 571 3103 800 3190; x_wconf 86' lang='lat' dir='ltr'><strong>reperiuntur.</strong></span> <span class='ocrx_word' id='word_1_255' title='bbox 843 3105 999 3190; x_wconf 87' lang='lat' dir='ltr'><strong>Utroque</strong></span> <span class='ocrx_word' id='word_1_256' title='bbox 1017 3128 1151 3192; x_wconf 69' lang='lat' dir='ltr'><strong>genere</strong></span> 
     </span>
     <span class='ocr_line' id='line_1_35' title="bbox 54 3189 1216 3278; baseline 0.007 -29"><span class='ocrx_word' id='word_1_257' title='bbox 54 3244 57 3249; x_wconf 89' lang='lat'><strong>.</strong></span> <span class='ocrx_word' id='word_1_258' title='bbox 89 3202 253 3278; x_wconf 80' lang='lat' dir='ltr'><strong>corrupta</strong></span> <span class='ocrx_word' id='word_1_259' title='bbox 274 3189 469 3255; x_wconf 87' lang='lat' dir='ltr'><strong>etiamnunc</strong></span> <span class='ocrx_word' id='word_1_260' title='bbox 491 3190 597 3254; x_wconf 87' lang='lat' dir='ltr'><strong>oratio</strong></span> <span class='ocrx_word' id='word_1_261' title='bbox 619 3189 799 3261; x_wconf 81' lang='lat' dir='ltr'><strong>Pisoniana</strong></span> <span class='ocrx_word' id='word_1_262' title='bbox 819 3191 1066 3258; x_wconf 81' lang='lat' dir='ltr'><strong>circumfertur.</strong></span> <span class='ocrx_word' id='word_1_263' title='bbox 1097 3237 1099 3240; x_wconf 94' lang='lat'>-</span> <span class='ocrx_word' id='word_1_264' title='bbox 1215 3261 1216 3265; x_wconf 56' lang='grc'>,</span> 
     </span>
     <span class='ocr_line' id='line_1_36' title="bbox 175 3264 1241 3366; baseline 0.006 -24"><span class='ocrx_word' id='word_1_265' title='bbox 175 3277 289 3342; x_wconf 84' lang='lat' dir='ltr'><strong>Placet</strong></span> <span class='ocrx_word' id='word_1_266' title='bbox 309 3286 422 3340; x_wconf 85' lang='lat' dir='ltr'><strong>autem</strong></span> <span class='ocrx_word' id='word_1_267' title='bbox 438 3275 599 3363; x_wconf 71' lang='lat' dir='ltr'><strong>&#39;primum-</strong></span> <span class='ocrx_word' id='word_1_268' title='bbox 616 3264 658 3361; x_wconf 79' lang='lat' dir='ltr'><strong>de</strong></span> <span class='ocrx_word' id='word_1_269' title='bbox 680 3277 719 3341; x_wconf 90' lang='lat' dir='ltr'><strong>iis</strong></span> <span class='ocrx_word' id='word_1_270' title='bbox 741 3274 914 3364; x_wconf 81' lang='lat' dir='ltr'><strong>exponere</strong></span> <span class='ocrx_word' id='word_1_271' title='bbox 935 3279 1035 3360; x_wconf 91' lang='lat' dir='ltr'><strong>locis,</strong></span> <span class='ocrx_word' id='word_1_272' title='bbox 1058 3301 1147 3366; x_wconf 72' lang='lat' dir='ltr'><strong>quoe</strong></span> <span class='ocrx_word' id='word_1_273' title='bbox 1233 3274 1241 3283; x_wconf 69' lang='grc'><strong>’</strong></span> 
     </span>
     <span class='ocr_line' id='line_1_37' title="bbox 89 3361 1215 3453; baseline 0 -23"><span class='ocrx_word' id='word_1_274' title='bbox 89 3363 244 3453; x_wconf 84' lang='lat' dir='ltr'><strong>ipsorum</strong></span> <span class='ocrx_word' id='word_1_275' title='bbox 265 3361 430 3443; x_wconf 83' lang='lat' dir='ltr'><strong>codicum·</strong></span> <span class='ocrx_word' id='word_1_276' title='bbox 441 3362 567 3448; x_wconf 90' lang='lat' dir='ltr'><strong>aliquot</strong></span> <span class='ocrx_word' id='word_1_277' title='bbox 588 3362 787 3428; x_wconf 84' lang='lat' dir='ltr'><strong>auctoritate</strong></span> <span class='ocrx_word' id='word_1_278' title='bbox 807 3365 939 3452; x_wconf 86' lang='lat' dir='ltr'><strong>spurios</strong></span> <span class='ocrx_word' id='word_1_279' title='bbox 956 3389 1030 3432; x_wconf 88' lang='lat' dir='ltr'><strong>esse</strong></span> <span class='ocrx_word' id='word_1_280' title='bbox 1044 3364 1143 3451; x_wconf 53' lang='lat' dir='ltr'><strong>evinq</strong></span> <span class='ocrx_word' id='word_1_281' title='bbox 1211 3444 1215 3453; x_wconf 92' lang='lat'><strong>.</strong></span> 
     </span>
     <span class='ocr_line' id='line_1_38' title="bbox 91 3449 1155 3538; baseline -0.003 -24"><span class='ocrx_word' id='word_1_282' title='bbox 91 3473 168 3527; x_wconf 83' lang='lat' dir='ltr'><strong>cere</strong></span> <span class='ocrx_word' id='word_1_283' title='bbox 190 3470 390 3538; x_wconf 83' lang='lat' dir='ltr'><strong>possumus,</strong></span> <span class='ocrx_word' id='word_1_284' title='bbox 413 3449 683 3532; x_wconf 75' lang='lat' dir='ltr'><strong>commemoratis</strong></span> <span class='ocrx_word' id='word_1_285' title='bbox 706 3461 803 3513; x_wconf 80' lang='lat' dir='ltr'><strong>antea</strong></span> <span class='ocrx_word' id='word_1_286' title='bbox 823 3451 956 3536; x_wconf 87' lang='lat' dir='ltr'><strong>glossis,</strong></span> <span class='ocrx_word' id='word_1_287' title='bbox 977 3474 1059 3536; x_wconf 86' lang='lat' dir='ltr'><strong>quas</strong></span> <span class='ocrx_word' id='word_1_288' title='bbox 1081 3451 1155 3523; x_wconf 28' lang='lat' dir='ltr'><strong>ci...</strong></span> 
     </span>
     <span class='ocr_line' id='line_1_39' title="bbox 91 3534 1144 3616; baseline 0 -13"><span class='ocrx_word' id='word_1_289' title='bbox 91 3535 279 3603; x_wconf 82' lang='lat' dir='ltr'><strong>ceronianis</strong></span> <span class='ocrx_word' id='word_1_290' title='bbox 302 3535 416 3599; x_wconf 88' lang='lat' dir='ltr'><strong>verbis</strong></span> <span class='ocrx_word' id='word_1_291' title='bbox 439 3534 581 3601; x_wconf 84' lang='lat' dir='ltr'><strong>insertas</strong></span> <span class='ocrx_word' id='word_1_292' title='bbox 601 3534 706 3602; x_wconf 84' lang='lat' dir='ltr'><strong>habet</strong></span> <span class='ocrx_word' id='word_1_293' title='bbox 727 3534 835 3602; x_wconf 79' lang='lat' dir='ltr'><strong>codex</strong></span> <span class='ocrx_word' id='word_1_294' title='bbox 856 3536 1144 3616; x_wconf 81' lang='lat' dir='ltr'><strong>E1·li1rtensis,ab</strong></span> 
     </span>
     <span class='ocr_line' id='line_1_40' title="bbox 91 3620 1088 3710; baseline -0.004 -19"><span class='ocrx_word' id='word_1_295' title='bbox 91 3620 276 3691; x_wconf 84' lang='lat' dir='ltr'><strong>editoribus</strong></span> <span class='ocrx_word' id='word_1_296' title='bbox 298 3641 368 3684; x_wconf 89' lang='lat' dir='ltr'><strong>non</strong></span> <span class='ocrx_word' id='word_1_297' title='bbox 388 3635 549 3710; x_wconf 80' lang='lat' dir='ltr'><strong>receptas.</strong></span> <span class='ocrx_word' id='word_1_298' title='bbox 812 3673 842 3694; x_wconf 77' lang='grc'><strong>.,</strong></span> <span class='ocrx_word' id='word_1_299' title='bbox 902 3672 904 3674; x_wconf 89' lang='grc'>-</span> <span class='ocrx_word' id='word_1_300' title='bbox 1082 3637 1088 3674; x_wconf 70' lang='lat'>1</span> 
     </span>
     <span class='ocr_line' id='line_1_41' title="bbox 180 3701 1164 3794; baseline 0.008 -25"><span class='ocrx_word' id='word_1_301' title='bbox 180 3710 219 3775; x_wconf 89' lang='lat' dir='ltr'><strong>C.</strong></span> <span class='ocrx_word' id='word_1_302' title='bbox 240 3706 282 3772; x_wconf 89' lang='grc' dir='ltr'><strong>ΙΙ.</strong></span> <span class='ocrx_word' id='word_1_303' title='bbox 305 3708 334 3791; x_wconf 79' lang='lat'><strong>§.</strong></span> <span class='ocrx_word' id='word_1_304' title='bbox 361 3704 392 3768; x_wconf 77' lang='lat'><strong>4.</strong></span> <span class='ocrx_word' id='word_1_305' title='bbox 422 3719 462 3772; x_wconf 84' lang='lat' dir='ltr'><strong>ut</strong></span> <span class='ocrx_word' id='word_1_306' title='bbox 484 3744 527 3758; x_wconf 89' lang='lat'><em>-</em></span> <span class='ocrx_word' id='word_1_307' title='bbox 549 3701 759 3794; x_wconf 79' lang='lat' dir='ltr'><strong>reipublicae</strong></span> <span class='ocrx_word' id='word_1_308' title='bbox 786 3717 923 3775; x_wconf 81' lang='lat' dir='ltr'><strong>statum</strong></span> <span class='ocrx_word' id='word_1_309' title='bbox 943 3701 1146 3782; x_wconf 76' lang='lat' dir='ltr'><strong>convulanrr&#39;</strong></span> <span class='ocrx_word' id='word_1_310' title='bbox 1158 3736 1164 3757; x_wconf 70' lang='lat'>=</span> 
     </span>
     <span class='ocr_line' id='line_1_42' title="bbox 43 3790 927 3865; baseline 0.006 -12"><span class='ocrx_word' id='word_1_311' title='bbox 43 3842 51 3853; x_wconf 74' lang='grc'><strong>.</strong></span> <span class='ocrx_word' id='word_1_312' title='bbox 93 3793 246 3865; x_wconf 79' lang='lat' dir='ltr'><strong>viderent</strong></span> <span class='ocrx_word' id='word_1_313' title='bbox 273 3813 292 3856; x_wconf 90' lang='lat' dir='ltr'><strong>r</strong></span> <span class='ocrx_word' id='word_1_314' title='bbox 313 3790 403 3858; x_wconf 82' lang='lat' dir='ltr'><strong>addit</strong></span> <span class='ocrx_word' id='word_1_315' title='bbox 424 3813 495 3857; x_wconf 82' lang='lat' dir='ltr'><strong>esse</strong></span> <span class='ocrx_word' id='word_1_316' title='bbox 516 3804 595 3860; x_wconf 87' lang='lat' dir='ltr'><strong>ante</strong></span> <span class='ocrx_word' id='word_1_317' title='bbox 613 3792 822 3862; x_wconf 72' lang='lat' dir='ltr'><strong>convolsuri.</strong></span> <span class='ocrx_word' id='word_1_318' title='bbox 921 3839 927 3858; x_wconf 70' lang='lat'><strong>.</strong></span> 
     </span>
     <span class='ocr_line' id='line_1_43' title="bbox 181 3818 1246 3966; baseline 0.004 -20"><span class='ocrx_word' id='word_1_319' title='bbox 181 3879 221 3946; x_wconf 82' lang='lat' dir='ltr'><strong>C.</strong></span> <span class='ocrx_word' id='word_1_320' title='bbox 243 3818 285 3945; x_wconf 86' lang='lat' dir='ltr'><strong>ll.</strong></span> <span class='ocrx_word' id='word_1_321' title='bbox 308 3879 338 3964; x_wconf 84' lang='lat'><strong>§.</strong></span> <span class='ocrx_word' id='word_1_322' title='bbox 359 3878 393 3945; x_wconf 85' lang='lat'><strong>5.</strong></span> <span class='ocrx_word' id='word_1_323' title='bbox 434 3877 513 3966; x_wconf 80' lang='lat' dir='ltr'><strong>Ego</strong></span> <span class='ocrx_word' id='word_1_324' title='bbox 535 3880 613 3944; x_wconf 50' lang='lat' dir='ltr'><strong>telo¹</strong></span> <span class='ocrx_word' id='word_1_325' title='bbox 633 3893 785 3946; x_wconf 87' lang='lat' dir='ltr'><strong>extremo</strong></span> <span class='ocrx_word' id='word_1_326' title='bbox 807 3901 922 3944; x_wconf 83' lang='lat' dir='ltr'><strong>mense</strong></span> <span class='ocrx_word' id='word_1_327' title='bbox 943 3880 1146 3949; x_wconf 76' lang='lat' dir='ltr'><strong>consulatue</strong></span> <span class='ocrx_word' id='word_1_328' title='bbox 1204 3863 1246 3959; x_wconf 56' lang='lat'><strong>¹1</strong></span> 
     </span>
     <span class='ocr_line' id='line_1_44' title="bbox 94 3965 1147 4052; baseline 0.001 -20"><span class='ocrx_word' id='word_1_329' title='bbox 94 3967 165 4038; x_wconf 82' lang='lat' dir='ltr'><strong>mei</strong></span> <span class='ocrx_word' id='word_1_330' title='bbox 185 4001 228 4014; x_wconf 90' lang='lat'><strong>-·</strong></span> <span class='ocrx_word' id='word_1_331' title='bbox 249 3965 379 4030; x_wconf 82' lang='lat' dir='ltr'><strong>extorsi</strong></span> <span class='ocrx_word' id='word_1_332' title='bbox 401 3978 476 4052; x_wconf 88' lang='lat' dir='ltr'><strong>post</strong></span> <span class='ocrx_word' id='word_1_333' title='bbox 497 3987 610 4031; x_wconf 81' lang='lat' dir='ltr'><strong>mense</strong></span> <span class='ocrx_word' id='word_1_334' title='bbox 631 3966 722 4033; x_wconf 82' lang='lat' dir='ltr'><strong>addit</strong></span> <span class='ocrx_word' id='word_1_335' title='bbox 743 3965 925 4033; x_wconf 84' lang='lat' dir='ltr'><strong>decembri.</strong></span> <span class='ocrx_word' id='word_1_336' title='bbox 976 4018 978 4023; x_wconf 68' lang='lat'><strong>,</strong></span> <span class='ocrx_word' id='word_1_337' title='bbox 1145 4039 1147 4043; x_wconf 11' lang='grc' dir='ltr'><em>Α</em></span> 
     </span>
     <span class='ocr_line' id='line_1_45' title="bbox 182 4048 1148 4137; baseline 0.007 -20"><span class='ocrx_word' id='word_1_338' title='bbox 182 4049 296 4117; x_wconf 64' lang='lat'><strong>0111.</strong></span> <span class='ocrx_word' id='word_1_339' title='bbox 327 4051 357 4137; x_wconf 87' lang='lat'><strong>§.</strong></span> <span class='ocrx_word' id='word_1_340' title='bbox 382 4052 413 4118; x_wconf 84' lang='lat'><strong>6.</strong></span> <span class='ocrx_word' id='word_1_341' title='bbox 455 4048 549 4119; x_wconf 79' lang='lat' dir='ltr'><strong>Mitt</strong></span> <span class='ocrx_word' id='word_1_342' title='bbox 577 4050 635 4117; x_wconf 80' lang='lat' dir='ltr'><strong>hie</strong></span> <span class='ocrx_word' id='word_1_343' title='bbox 656 4054 720 4120; x_wconf 64' lang='lat' dir='ltr'><strong>vir</strong></span> <span class='ocrx_word' id='word_1_344' title='bbox 743 4087 785 4104; x_wconf 83' lang='lat'><strong>·-</strong></span> <span class='ocrx_word' id='word_1_345' title='bbox 811 4053 956 4121; x_wconf 80' lang='lat' dir='ltr'><strong>civicam</strong></span> <span class='ocrx_word' id='word_1_346' title='bbox 983 4062 1148 4124; x_wconf 77' lang='lat' dir='ltr'><strong>eoronam</strong></span> 
     </span>
     <span class='ocr_line' id='line_1_46' title="bbox 75 4133 1074 4240; baseline -0.002 -34"><span class='ocrx_word' id='word_1_347' title='bbox 75 4133 215 4219; x_wconf 59' lang='lat' dir='ltr'><strong>,deteri</strong></span> <span class='ocrx_word' id='word_1_348' title='bbox 234 4154 258 4203; x_wconf 81' lang='lat' dir='ltr'><strong>ct</strong></span> <span class='ocrx_word' id='word_1_349' title='bbox 278 4158 347 4226; x_wconf 85' lang='lat' dir='ltr'><strong>rep.</strong></span> <span class='ocrx_word' id='word_1_350' title='bbox 369 4133 462 4206; x_wconf 74' lang='lat' dir='ltr'><strong>dixit</strong></span> <span class='ocrx_word' id='word_1_351' title='bbox 483 4149 561 4204; x_wconf 86' lang='lat' dir='ltr'><strong>ante</strong></span> <span class='ocrx_word' id='word_1_352' title='bbox 583 4133 730 4205; x_wconf 78' lang='lat' dir='ltr'><strong>civicam</strong></span> <span class='ocrx_word' id='word_1_353' title='bbox 751 4139 853 4208; x_wconf 86' lang='lat' dir='ltr'><strong>babet</strong></span> <span class='ocrx_word' id='word_1_354' title='bbox 873 4141 917 4240; x_wconf 75' lang='lat' dir='ltr'><strong>de</strong></span> <span class='ocrx_word' id='word_1_355' title='bbox 938 4160 1074 4230; x_wconf 77' lang='lat' dir='ltr'><strong>quercu.</strong></span> 
     </span>
    </p>
   </div>
   <div class='ocr_carea' id='block_1_3' title="bbox 181 4184 1201 4333">
    <p class='ocr_par' dir='ltr' id='par_1_3' title="bbox 181 4184 1201 4333">
     <span class='ocr_line' id='line_1_47' title="bbox 181 4184 1201 4333; baseline 0.003 -40"><span class='ocrx_word' id='word_1_356' title='bbox 181 4225 222 4293; x_wconf 80' lang='lat' dir='ltr'><strong>C·</strong></span> <span class='ocrx_word' id='word_1_357' title='bbox 250 4219 294 4292; x_wconf 81' lang='lat' dir='ltr'><strong>V·</strong></span> <span class='ocrx_word' id='word_1_358' title='bbox 317 4222 424 4312; x_wconf 80' lang='lat' dir='ltr'><strong>§.t-1·</strong></span> <span class='ocrx_word' id='word_1_359' title='bbox 468 4222 542 4294; x_wconf 88' lang='lat' dir='ltr'><strong>Pro</strong></span> <span class='ocrx_word' id='word_1_360' title='bbox 562 4217 711 4333; x_wconf 74' lang='lat' dir='ltr'><strong>Aurelio·</strong></span> <span class='ocrx_word' id='word_1_361' title='bbox 726 4223 906 4325; x_wconf 61' lang='lat' dir='ltr'><strong>{redormit</strong></span> <span class='ocrx_word' id='word_1_362' title='bbox 922 4258 968 4287; x_wconf 64' lang='grc' dir='ltr'><strong>-ν-</strong></span> <span class='ocrx_word' id='word_1_363' title='bbox 983 4220 1163 4303; x_wconf 33' lang='lat' dir='ltr'><strong>,dolrem</strong></span> <span class='ocrx_word' id='word_1_364' title='bbox 1198 4184 1201 4191; x_wconf 26' lang='grc' dir='ltr'><strong>Ι</strong></span> 
     </span>
    </p>
   </div>
   <div class='ocr_carea' id='block_1_4' title="bbox 0 0 1342 4748">
    <p class='ocr_par' dir='ltr' id='par_1_4' title="bbox 0 0 1342 4748">
     <span class='ocr_line' id='line_1_48' title="bbox 0 0 1342 4748; baseline 0 0"><span class='ocrx_word' id='word_1_365' title='bbox 0 0 1342 4748; x_wconf 95' lang='lat' dir='ltr'><strong> </strong></span> 
     </span>
    </p>
   </div>
  </div>
 </body>
</html>
