2640 4748
172 266 324 363 ¹atrum
427 279 432 292 ’

163 465 248 556 ,qui
268 463 400 547 duobus
421 461 459 532 iu
488 463 569 531 iocis
594 464 697 533 soiius
719 463 876 534 Vaticani
904 465 1121 545 auctoritate,
1148 486 1250 554 ,qnae

188 554 302 622 levior
329 549 483 641 profecto
509 573 611 638 (luem
633 552 855 619 'saurinensis
877 567 942 632 est,
986 576 1056 619 non
1076 552 1251 623 dubitavit

187 640 365 720 amittere,
416 659 477 701 uae
497 637 624 724 reliqui,
636 639 768 703 codices
789 660 908 704 omnes
929 639 1068 706 addunt.
1108 638 1252 709 Delevit

136 776 140 783 .
190 726 286 792 enim
306 725 343 791 C.
366 659 492 790 thssfl·
516 723 548 808 §-
569 726 622 789 55.
638 736 745 812 porta
767 736 847 814 post
869 725 1132 793 Coelimontana
1150 724 1248 803 etc.

135 812 139 821 “
189 812 317 881 XXV.
332 811 361 895 §.
383 811 438 897 59.
460 820 547 873 extr.
577 809 658 877 deos
685 822 774 876 ante*
787 809 931 879 videdit.
971 812 1106 877 Eodem
1128 822 1248 880 autem

189 900 277 978 iure,
298 895 503 962 vel-maiore
523 896 624 962 etiem
647 897 711 963 hoc
733 897 808 962 loco
825 920 895 963 vox
908 896 1081 985 profectio
1102 897 1250 965 debebat

189 983 332 1073 expelli,
352 1004 441 1068 quae
460 980 543 1067 quin
564 982 672 1068 glossa
692 981 797 1085 sivae
819 983 934 1048 minus
954 994 1066 1071 potest
1086 984 1248 1064 dubitari,

191 1094 261 1159 quo
283 1071 405 1134 certius
428 1077 494 1144 est,
520 1067 735 1147 Ciceronem,
764 1092 791 1135 sr
814 1068 1011 1146 addidisset,
1035 1090 1104 1137 non
1126 1076 1249 1139 meum

189 1155 410 1246 ternpus-sed
432 1175 530 1219 meae
544 1154 775 1243 profectionis
792 1167 860 1220 tem
887 1180 928 1220 us
942 1156 1045 1221 fuisse
1060 1156 1247 1241 dicturum,
1315 1224 1318 1237 ,

214 1240 479 1309 uesuudmodum
506 1260 570 1327 pro
592 1241 707 1306 Plenc.
730 1241 767 1310 C.
788 1179 913 1308 xvdl.
940 1243 969 1327 §.
992 1240 1046 1310 45.
1068 1266 1140 1309 nou
1162 1265 1247 1311 cm-
1313 1318 1317 1326 ,

190 1266 329 1397 ditionis
344 1339 461 1393 >rostra
482 1336 650 1429 tempora,
671 1339 710 1392 ut
731 1339 780 1393 est
801 1328 838 1393 iu
859 1328 1061 1415 quibusdum
1081 1328 1246 1399 editioni·

189 1415 278 1491 bus,
295 1412 354 1480 sed
375 1411 575 1478 ambitiones
595 1425 931 1503 nostraetemporc,
963 1424 1002 1481 ut
1020 1415 1056 1481 iu
1079 1412 1244 1485 Bavarico

189 1515 228 1568 et
247 1499 435 1569 Erfurtensi
456 1511 514 1573 est,
536 1499 678 1588 scripsit.
714 1498 894 1567 Caeterum
916 1499 1036 1567 Cicero
1058 1505 1180 1569 eadem
1199 1500 1241 1571 de

189 1611 232 1655 rc
251 1589 398 1674 iaqueus
425 1583 462 1648 C.
490 1584 585 1652 XIV.
604 1585 741 1657 veodem
771 1588 875 1652 modo
906 1587 1105 1677 simpliciter
1135 1582 1260 1659 ‹tixiu'

189 1676 308 1762 Atque
332 1681 381 1738 ut
409 1674 511 1736 tuum
541 1672 774 1739 laetissimum
804 1672 1013 1741 diem-cum
1042 1674 1246 1744 ensturimo

189 1774 266 1830 meo
288 1757 476 1843 conferam.
1043 1800 1047 1805 -
1115 1776 1120 1783 ·
1159 1814 1162 1821 ,

192 1907 196 1917 ,
276 1845 495 1931 Quamquam
514 1853 643 1908 restant
662 1841 749 1925 loci,
770 1843 806 1910 in
827 1844 949 1932 quibus
970 1844 1160 1915 iubentibus
1181 1869 1245 1913 co·
1309 1854 1312 1859 ’

107 1918 111 1943 “
186 1931 321 2015 ,dinibus
343 1929 543 2016 quibusdem
564 1930 724 1995 eiicienda
747 1944 866 2010 statuo,
889 1954 975 2019 quae
995 1956 1087 1999 nunc
1103 1934 1245 2000 ciceru-

190 2021 243 2091 nis
264 2030 425 2106 putantur
450 2040 540 2097 esse,
582 2015 672 2079 malo
702 2031 812 2084 tamen
843 2018 885 2083 ad
912 2019 1057 2085 alterum
1085 2020 1243 2111 interpo-

65 2102 72 2123 Χ
187 2100 352 2177 dationum
374 2125 479 2188 genus
501 2103 672 2190 progredi,
695 2103 786 2190 quod
804 2127 868 2192 per
882 2106 1083 2193 omnessqui
1096 2108 1243 2173 consulti

190 2203 282 2270 sunt,
304 2189 432 2255 codices
453 2198 674 2276 propagatum
698 2200 757 2254 est.
805 2194 918 2276 Atque
940 2189 1040 2261 fuisse
1059 2188 1239 2269 hominem

191 2277 338 2360 doctum,
360 2274 475 2376 quiin
496 2273 693 2423 eaeleari,
715 2277 802 2364 quod
825 2275 900 2341 sons
922 2277 1070 2343 extiterit
1088 2278 1238 2364 reliquo·
1292 2333 1298 2341 ,

130 2420 134 2431 ,
189 2388 269 2433 nun
289 2384 461 2439 omnlunl,
491 2361 584 2447 quia
631 2385 694 2426 nos
718 2385 921 2448 pervenere,
943 2363 1114 2441 codicum,
1133 2364 1240 2433 verba

190 2449 373 2540 quaedam,
403 2447 445 2511 ad
468 2445 723 2535 explicationem
744 2447 918 2527 facientia,
945 2449 1132 2537 scripserit,
1154 2473 1240 2537 quae

175 2534 377 2615 deindedn
404 2545 534 2600 textum
556 2532 622 2597 sint
641 2557 718 2599 eece
742 2547 793 2616 ta,
824 2547 923 2601 extra
944 2558 1084 2605 omnem
1105 2536 1243 2605 dubita·
1302 2606 1306 2613 ,

190 2625 321 2691 tionem
346 2620 443 2709 ponit
470 2619 661 2685 Arusianus
724 2645 824 2687 essus.
869 2623 900 2688 Is
930 2624 1024 2695 enirn
1044 2625 1083 2695 iu
1115 2623 1242 2705 codice,

78 2715 83 2726 ’
190 2732 294 2796 quem
315 2705 490 2793 usurpavit
511 2707 732 2782 Garatoniuu
756 2707 927 2774 Ciceronis
947 2710 1072 2788 verba,
1094 2730 1181 2799 quae
1201 2709 1242 2779 C·

181 2794 314 2872 ,xxnt
336 2796 365 2880 §.
387 2794 442 2860 55.
465 2815 557 2858 nunc
577 2793 626 2859 ita
649 2806 783 2858 exstant
803 2796 946 2883 scripta:
1011 2820 1029 2851 ·v
1104 2836 1114 2849 κ

121 2962 124 2967 .
276 2883 430 2947 Romam
456 2902 535 2944 uero
562 2881 677 2966 ipsam
689 2877 855 2965 foedavit
877 2881 1050 2949 aduentus
1074 2890 1166 2947 tum.
1208 2878 1243 2948 O

145 3025 150 3035 ,
187 2966 354 3056 familiae
375 2989 443 3029 ruore
464 2965 580 3030 dicam
603 2965 669 3029 Cal
692 2967 825 3041 ueniae,
848 2968 911 3032 sed
932 2968 1155 3045 Caluentiae3
1176 2988 1241 3032 ne·
1275 3028 1283 3035 .

190 3076 256 3144 que
284 3052 390 3117 leuius
419 3050 533 3130 urbis,
569 3050 632 3115 sed
694 3051 861 3119 lacentini
887 3054 1073 3141 municipii
1076 3077 1089 3131 3
1131 3072 1248 3141 neque

183 3137 329 3230 paterni
346 3135 501 3224 generis,
536 3135 598 3201 sed
622 3133 805 3204 drac‘catae
829 3142 1047 3230 cognationis
1069 3138 1240 3208 dedecus!

190 3222 480 3316 quemadmodum
501 3222 655 3292 venisti?

188 3313 238 3381 sic
259 3310 374 3375 affert:

279 3399 432 3464 Romam
454 3419 534 3461 vero
554 3394 681 3484 ipsam,
702 3419 722 3460 ο
762 3396 906 3464 emiliae
928 3420 995 3464 non
1016 3394 1134 3464 dicam
1157 3395 1266 3471 eac.

214 3485 348 3559 ueniae,
370 3494 405 3549 et
426 3481 532 3548 leuius
554 3481 666 3562 urbis,
686 3507 723 3548 se
769 3483 970 3551 Placentini
990 3483 1184 3572 municipii,
1205 3492 1242 3550 et
1311 3534 1314 3539 -

186 3507 353 3640 draeatae
390 3569 605 3699 cognationis
641 3571 812 3654 dedecus,
854 3571 1147 3660 quemadmodum
1183 3568 1243 3636 in-

215 3680 329 3725 cessus
350 3680 403 3722 es.
549 3670 555 3683 ⁴

185 3680 215 3801 g·
275 3745 325 3811 Ut
352 3744 504 3830 primum
531 3740 574 3808 de
601 3740 732 3808 omissis
752 3741 867 3809 verbis
885 3738 1049 3831 foedavit
1069 3739 1243 3806 adventus

189 3828 470 3908 tuus'dicamus,
512 3827 735 3908 certissimum
766 3830 834 3909 est,
875 3852 917 3897 ea
937 3853 1009 3896 non
1030 3826 1182 3893 extitisse
1202 3826 1243 3892 in
1310 3840 1315 3855 ’

189 3915 319 3996 codice,
353 3938 455 4001 quem
490 3915 668 4002 usurpavit
696 3915 899 3982 Arusianus.
962 3912 1106 3982 Locutio
1135 3906 1242 3995 enim,

189 4001 286 4068 cuius
307 4003 507 4089 exemplum
527 3999 710 4088 proferret,
746 4015 906 4068 monente
926 4001 1128 4082 Garatonio,
1157 4000 1242 4066 haec

187 4086 253 4155 fuit
273 4087 396 4174 posita:
427 4089 612 4175 Ingressus
632 4085 721 4152 loca.
752 4089 853 4155 U'nde
874 4089 940 4155 hoc
962 4091 1064 4170 etiam
1082 4098 1242 4173 apertum

188 4186 247 4259 est,
268 4196 339 4240 non
357 4172 563 4240 uenisti-sed
576 4173 613 4239 in
639 4197 753 4240 cessus
767 4198 803 4240 es
817 4175 940 4242 debere
956 4176 1122 4264 scriptum
1136 4170 1242 4238 fuisse

96 4322 100 4327 .
187 4261 234 4342 iu,
253 4257 461 4347 exemplari,
482 4268 573 4345 'quo
656 4260 789 4345 usinum
823 4284 906 4328 usus
939 4274 998 4329 est.
1059 4259 1242 4327 Praeterea
