2634 4748
777 177 786 207 l

91 224 98 245 ⁴
201 263 308 316 extit
480 297 491 350 (

198 425 371 506 dicuntur,
416 420 505 512 quod
535 417 610 511 ipsa
638 419 755 487 Cicero
789 420 935 510 explicat
963 444 990 486 c.
1015 421 1047 487 6.
1075 420 1157 487 dum
1187 420 1253 502 ata

197 511 287 584 nibil
320 511 413 601 quod
428 549 447 560 -
464 506 682 588 renunciatio
710 492 962 599 suffragiorum
998 514 1248 597 e'uepecteturt⁶

281 597 456 666 Ernestius
476 595 577 682 igitur
598 605 631 658 ct
652 591 855 659 Garatonius
877 593 1018 658 verbum
1041 599 1247 683 descriptae,
1301 650 1303 655 .

194 684 275 752 licet
298 702 405 773 genus
432 681 505 749 eius
523 679 825 761 ,accommodatrun
853 680 895 747 sit
922 680 1139 768 praecedenti
1169 684 1248 748 voci

195 769 325 848 tribus,
368 781 484 835 tamen
514 766 688 833 notionem
724 765 814 854 quod
856 765 994 833 attineat
1030 789 1111 833 cum
1137 768 1245 834 verbo

193 856 352 946 proxime
373 853 592 923 antecedente
619 849 834 946 sufflagium
861 852 1132 940 coniungendam
1161 876 1247 935 cen-

175 941 284 1024 sent,
327 963 406 1009 cum
442 963 511 1006 non
546 936 674 1018 tribue,
718 938 777 1005 sed
805 938 974 1028 suffragia
1002 939 1247 1007 describantur.

195 1027 295 1128 Quae
316 1026 486 1117 quomodo
507 1017 547 1091 ab
575 1025 770 1092 hominibus
801 1024 904 1091 doctis
933 1024 1036 1091 scribi
1061 1028 1246 1114 potuerint,

192 1136 255 1180 vm
286 1115 447 1202 equidem
478 1104 636 1198 intelligo.
687 1113 839 1178 Sanusne
870 1112 963 1178 enim
991 1114 1111 1179 Cicero
1141 1108 1247 1179 fuisse

193 1201 401 1280 censebitur,
444 1197 473 1264 si
498 1195 719 1287 participium
746 1221 817 1264 non
845 1221 885 1264 eo
916 1221 1040 1286 genere
1068 1201 1245 1287 posuisset,

192 1291 280 1375 quod
303 1285 728 1373 substantivumproximc
749 1285 968 1366 antecedens,
990 1309 1138 1374 quocum
1158 1307 1246 1375 pro-

120 1398 130 1411 2
190 1387 269 1466 pter
290 1374 462 1439 notionem
481 1372 622 1439 debebat
642 1369 755 1458 iungi,
776 1372 979 1459 requirebat,
1001 1373 1062 1438 sed
1083 1373 1153 1454 illo,
1175 1395 1243 1459 quo

192 1471 243 1526 est
263 1461 508 1528 substantivum
521 1458 617 1548 prius
633 1459 736 1525 etiam
749 1458 958 1542 collocatum,
980 1479 1128 1546 quocum
1149 1460 1247 1545 nullo,

191 1547 295 1613 modo
328 1546 508 1615 cohaeret?
533 1591 536 1596 -
561 1547 660 1636 Quae
689 1543 777 1613 ratio
809 1545 943 1629 dicendi
974 1567 1053 1610 cum
1086 1529 1244 1612 omnibub
1291 1605 1294 1610 .

191 1633 431 1733 grammaticae
449 1631 579 1719 legibus
600 1642 782 1721 repugnet,
805 1653 825 1696 a
847 1632 1010 1698 Cicerone
1032 1631 1087 1698 cui
1108 1631 1245 1699 videtur

190 1720 270 1786 miri
298 1720 470 1809 potuisse,
504 1719 663 1802 indiguus
696 1729 747 1785 est
781 1717 842 1805 qui
874 1718 1084 1805 interpretisx
1098 1737 1244 1783 munere

189 1805 360 1895 fungatur.
403 1804 557 1890 Debebat
574 1805 694 1874 Cicero
716 1803 745 1870 si
765 1804 910 1870 verbum
928 1804 1116 1871 describere
1137 1827 1243 1870 usur-

189 1916 272 1983 pare
292 1914 384 1958 nunc
404 1890 582 1977 vqtuissa,
610 1901 646 1956 et
665 1913 705 1955 eo
727 1889 865 1979 quidem
887 1913 1006 1971 sensu,
1034 1914 1136 1980 quem
1156 1890 1251 1958 sub-'

190 2001 266 2044 esse
293 1976 325 2041 ei
348 1977 526 2046 Ernestius
553 1987 590 2042 et
610 1976 814 2043 Garatonius
843 1988 1008 2060 statuunt,
1045 1978 1151 2043 verba
1176 1999 1242 2044 ne·

189 2064 332 2130 cessario
346 2063 393 2128 sic
409 2061 608 2146 ,enunciarez
634 2060 675 2130 V
670 2074 790 2130 ocatae
804 2061 933 2130 tribus:
953 2064 1029 2130 lata
1045 2060 1243 2158 suffragine

188 2150 383 2239 descripta,
405 2147 620 2216 renunciata.
662 2147 730 2214 Sed
757 2149 803 2216 ita
829 2172 898 2215 non
926 2150 1116 2239 scripsisse,
1144 2150 1241 2217 codi-

80 2258 88 2277 ‘
189 2258 245 2315 ces
276 2233 496 2319 confirmant,
538 2235 686 2302 scribere
720 2256 792 2302 nou
819 2233 988 2325 potuisse,
1033 2261 1115 2302 usus
1145 2232 1240 2303 verbi
1270 2262 1272 2267 ·

188 2318 381 2388 describere
412 2319 579 2403 ostendit,
621 2322 710 2408 quod
738 2345 926 2411 numquam
956 2323 1033 2389 alibi
1056 2321 1240 2412 siguificat,

188 2409 378 2477 sententias
394 2406 532 2475 tabellis
553 2405 728 2476 indicatas
745 2409 783 2479 in
804 2408 928 2477 tabula
944 2409 1086 2499 punctis
1107 2411 1242 2476 notare'.

185 2493 243 2562 Ex
263 2495 329 2560 hoc
350 2506 464 2562 autem
488 2495 563 2561 loco
586 2496 643 2581 qui
663 2495 745 2564 velit
765 2496 871 2564 verbo
892 2494 945 2564 illi
966 2497 1114 2563 tribuere
1135 2495 1244 2584 signi-

186 2578 326 2649 ficatum
346 2578 468 2662 istum,
487 2592 669 2668 propterea
689 2605 850 2671 perverse
871 2583 955 2670 agit,
984 2581 1074 2668 qu‘od
1096 2582 1244 2670 scriptu·
1271 2605 1274 2610 ·

186 2687 263 2736 ram
292 2667 519 2757 pessimorum
550 2669 922 2764 et‘recentissirnorum
952 2670 1108 2734 codicum
1141 2689 1242 2734 eam·
1274 2740 1278 2748 ¹

186 2771 252 2842 que
275 2765 515 2821 commutatam
538 2754 638 2821 etiam
668 2757 896 2844 amplectitur,
932 2753 1242 2842 praestantissimo-

184 2863 267 2909 rum
294 2863 377 2907 vero
407 2853 440 2906 et
470 2840 782 2926 antiquissimorum
814 2842 1007 2907 contemnit.
1058 2843 1124 2908 Eos
1147 2841 1240 2906 enim

184 2926 335 2996 vidimus
354 2947 419 3018 pro
441 2925 633 3016 descriptae
654 2925 781 2994 babere
800 2923 974 3007 diribitae,
997 2951 1097 3015 quam
1118 2925 1240 2992 lectio-

184 3033 284 3092 nem,
314 3035 564 3099 quemcumque
585 3013 743 3100 praebeat
765 3035 928 3093 sensum,
953 3013 1050 3080 alteri
1071 3011 1241 3102 praeferri

183 3109 331 3186 oportet.
374 3099 471 3163 Patet
492 3112 622 3178 autern,
666 3097 701 3164 id
724 3099 812 3186 quod
842 3099 1008 3166 intellexit
1030 3101 1099 3166 iam
1122 3101 1238 3166 Erne-

126 3186 132 3193 ’
183 3185 283 3266 atius,
307 3182 736 3255 notionematarttcendt
759 3184 904 3252 verbum
930 3183 1091 3254 diribitae
1112 3185 1239 3253 habere

183 3268 332 3338 hicnon
353 3293 470 3358 posse,
507 3292 584 3337 cum
613 3272 830 3361 praecedant:
869 3274 985 3339 latum
1009 3273 1238 3425 suffagium.

183 3354 301 3443 Itaque
322 3356 351 3421 si
379 3357 460 3421 artis
483 3356 621 3422 criticae
649 3379 773 3444 gnaros
794 3383 831 3424 se
853 3373 1024 3450 praestare
1072 3360 1103 3426 ic
1125 3358 1238 3427 edito-

81 3500 82 3505 ,
183 3465 238 3511 res
260 3442 463 3526 voluissent,
485 3442 648 3511 debebant
669 3467 714 3511 ex
736 3445 802 3512 hoc
824 3444 900 3512 loco
922 3444 1136 3518 concludere.
1157 3469 1238 3511 ver-

150 3608 158 3622 „
183 3530 267 3596 bum
288 3526 531 3595 diribere'non
553 3551 652 3618 posse
672 3531 758 3612 isto,
786 3553 854 3617 quo
876 3530 1075 3615 credebant,
1105 3529 1237 3618 signifi⁴

183 3628 260 3682 cetu
280 3627 481 3704 usurpatum
502 3638 585 3698 esse,
608 3637 720 3703 neque
742 3639 824 3682 vero
847 3620 1056 3706 optimorum
1079 3621 1237 3683 codicum

118 3706 121 3713 ’
181 3702 366 3770 lectionem
387 3701 541 3770 reiicere.
585 3703 737 3768 Postulat
764 3715 880 3770 autem
902 3705 957 3771 hic
979 3706 1088 3784 locus,
1115 3715 1155 3771 ut
1176 3703 1238 3769 di-

180 3788 292 3856 ribere
309 3786 488 3874 significet,
511 3784 711 3854 tabellaria
732 3789 838 3855 cistas
855 3791 1026 3859 coniectas
1042 3790 1236 3879 disponere.

180 3874 233 3942 At
254 3872 365 3950 enim,
401 3873 537 3940 obiiciat
557 3875 647 3962 quis,
687 3876 778 3941 unde
807 3880 946 3944 tandem
977 3879 1103 3966 pendet
1125 3877 1237 3965 parti-

180 3959 309 4049 cipium
330 3959 514 4042 diribitae,
538 3961 627 4050 quod
650 3985 729 4029 cum
749 3963 856 4030 verbo
879 3963 988 4031 tribus
1010 3976 1151 4052 propter
1172 3987 1238 4029 no·

179 4046 310 4115 tionem
335 4068 447 4127 suam,
478 4070 556 4115 cum
580 4047 685 4116 verbo
713 4048 927 4142 suffragium
953 4060 1067 4115 autem
1095 4061 1237 4136 propter

177 4154 283 4220 genus
306 4133 464 4221 coniungi
486 4135 580 4202 nullo
602 4149 699 4224 pacto
713 4137 846 4226 possit?
881 4136 924 4200 llt
945 4148 1035 4202 recte
1056 4134 1121 4199 hoc
1143 4136 1236 4201 obii-

102 4300 104 4304 ,
176 4221 276 4290 citur.
319 4219 385 4286 Sed
409 4221 591 4292 tenendum
615 4233 681 4307 est,
710 4223 950 4326 qualecumque
973 4221 1115 4290 verbum
1140 4221 1235 4292 eius-
