2634 4748
120 217 144 262 ιι

129 368 328 463 persederet.
346 365 473 453 “Quod
498 385 574 428 cum
602 385 666 452 per
692 387 728 431 se
754 363 916 431 suomet
937 361 1179 453 probabilitate
1197 413 1199 417 -
1217 366 1227 395 ”

130 456 316 535 abhorreat,
337 464 410 518 tum
430 450 655 518 incredibilius
677 451 780 517 etiam
799 450 969 518 videbitur
989 453 1179 541 reputanti,

116 558 251 608 'eorum
279 541 460 607 verborum
486 535 772 603 censerivdebere,
793 538 1016 615 mutationem
1041 537 1180 611 factam,

131 650 217 716 quae
237 626 338 712 plane
361 623 532 714 potuerint
553 620 679 702 omitti,
715 638 856 710 eamque
884 624 987 705 talem
1009 647 1102 703 esse,
1139 624 1180 707 in

132 736 198 801 qua
226 711 377 786 facienda
398 710 583 776 necessario
604 712 680 796 plus
704 726 828 797 operae
850 702 1003 776 debuerit
1031 721 1065 777 et
1084 708 1181 775 tem-1

120 797 403 889 porisconsumi,
423 795 526 885 quam
545 796 581 860 in
594 793 675 881 ipsis
688 795 799 882 verbis
813 792 1055 862 describendis.
1079 794 1182 885 Haec

135 884 196 950 etsi
218 904 334 969 perse
355 883 423 947 iam
446 906 485 946 eo
507 903 570 945 nos
592 881 731 955 ducunt,
761 890 799 944 nt
818 880 875 946 vel
895 879 994 947 inviti
1012 880 1181 953 Arusiani
1213 912 1235 959 ·,

133 969 333 1055 scripturam
355 969 452 1033 unice
474 989 591 1031 veram
619 967 822 1046 babeamus,
858 988 930 1031 non
956 966 1034 1032 leve
1061 978 1209 1033 tamen·

134 1055 178 1119 ad
198 1066 347 1121 nostram
369 1053 568 1125 sententiam
590 1064 800 1117 momentum
822 1053 952 1118 accedit
972 1062 1018 1118 e'x
1039 1058 1211 1123 senten-¹¹

133 1139 287 1214 tia’loci,
303 1162 404 1226 quae,
425 1141 602 1228 vulgarem
623 1139 651 1202 si
674 1138 858 1203 retinemus
879 1138 945 1204 scri
970 1134 1101 1219 turam,¹
1121 1139 1181 1204 in-

69 1238 78 1249 ·
133 1235 249 1310 eptam
271 1236 304 1289 et
324 1224 484 1312 putidam,
507 1225 657 1289 continet
677 1224 914 1309 tautologiam„
946 1160 1043 1291 llam
1058 1222 1181 1310 fami-

133 1311 185 1376 lia
206 1309 393 1398 Calpurnia
417 1302 507 1374 idern
529 1330 668 1397 prorsus
688 1308 851 1392 significat
872 1321 972 1401 atque
989 1320 1181 1399 paternum

99 1428 104 1434 ·
133 1414 264 1481 genus,
307 1418 368 1460 nec
395 1397 471 1483 plus
487 1394 615 1459 'differt
633 1392 785 1482 familia
808 1394 1028 1463 Caluentiae
1050 1390 1178 1487 cogna-

136 1481 225 1548 tione
255 1476 406 1546 bracata.
450 1480 547 1567 Quae
575 1480 754 1567 tautologia
783 1478 834 1546 uti
862 1503 926 1569 per
953 1505 991 1546 se
1018 1500 1175 1567 magnam

134 1566 235 1632 habet
255 1565 490 1646 offensionem,
528 1566 574 1629 ita
600 1565 843 1645 intolerabilior
871 1567 972 1632 etiam
999 1566 1179 1655 propterea

134 1651 190 1728 fit,
213 1651 301 1737 quod
321 1652 451 1737 singula
472 1651 641 1732 membra,
659 1673 744 1737 quae
766 1651 909 1716 eandem
929 1675 1071 1740 prorsus
1093 1675 1177 1719 con-

116 1736 240 1803 'tinent
262 1739 480 1816 sententiam,
495 1786 498 1793 .
513 1737 559 1802 ita
579 1737 642 1801 sibi
664 1750 902 1823 opponuntur,
938 1750 1102 1825 tanquam
1124 1737 1179 1803 di-

134 1823 364 1888 versissimam
385 1822 530 1887 habeant
556 1820 741 1887 notionem.
783 1824 876 1887 Nam
902 1837 945 1891 ut
967 1825 1065 1890 liceat
1091 1847 1183 1889 non·

135 1926 309 1993 nunquam
348 1904 450 1972 verba
486 1909 676 1989 cumulare,
721 1929 807 1993 quae
840 1909 1085 1995 significatione
1110 1933 1183 1977 non

135 2012 340 2077 magnopere
361 1993 525 2070 differant,
547 1990 704 2081 inepturn'
724 2005 840 2060 tamen
862 2007 923 2076 est,
944 2019 1010 2083 per
1027 1998 1180 2083 particu-

135 2076 186 2141 lee
210 2077 423 2144 disiunctivas
450 2078 603 2144 membra
623 2077 785 2143 membris
808 2103 1014 2169 opponere,
1031 2088 1181 2168 quorum

136 2160 253 2227 eadem
273 2187 410 2251 prorsus
430 2165 593 2230 sententia
614 2165 665 2230 sit.

220 2250 377 2337 Denique
408 2274 505 2315 causa
532 2253 631 2316 etiam
652 2244 920 2338 interpolationis
940 2259 1042 2339 patet,
1084 2246 1177 2327 Nam

85 2370 89 2379 =
136 2331 195 2421 qui
215 2337 328 2414 verba,
349 2335 384 2402 Ο
396 2334 566 2422 familiae
582 2335 774 2404 condicam
793 2336 1010 2426 Calpurniae,
1024 2346 1059 2402 el
1072 2333 1179 2401 buius

135 2419 247 2500 urbis,
271 2424 333 2488 red
353 2423 552 2490 Placentini
571 2421 761 2509 municipii,
776 2435 819 2489 'et
841 2425 1180 2524 braccaloe'cogna-

135 2504 238 2571 tionis
275 2509 382 2575 obiter
418 2510 620 2597 perlegerat,
663 2507 845 2594 dupliciter
880 2506 1010 2598 poterat
1043 2508 1182 2589 odendi,

133 2592 282 2679 primurn
305 2618 363 2675 eo,
430 2595 495 2661 uod
516 2608 594 2685 post
616 2596 825 2687 Calpurniae
850 2619 920 2660 non
942 2595 1102 2660 continuo
1124 2618 1181 2660 se·
1209 2602 1214 2614 '

127 2678 256 2763 quitur,
279 2680 312 2747 id
336 2617 426 2770 quod
443 2680 716 2772 praecedentibus
737 2681 849 2748 verbis
874 2705 942 2751 non
962 2679 1080 2747 (liram
1101 2702 1180 2745 cum

131 2765 285 2834 maxime
307 2782 476 2858 exspectet
498 2770 588 2855 quis,
618 2764 925 2847 sed'Calu'eatiue,
947 2766 1068 2831 deinde
1089 2764 1180 2852 quod

132 2873 218 2937 quoe
248 2855 309 2921 sibi
339 2856 544 2943 respondent
573 2853 743 2928 membra,
788 2855 924 2919 inverso
952 2864 1032 2918 sunt
1061 2852 1194 2917 ordine'

132 2938 250 3023 posita.
281 2940 352 3006 Iam
374 2961 455 3006 vero
479 2939 534 3025 qui
556 2939 662 3004 verba
683 2940 744 3005 seri
765 2935 974 3017 Caluentiae,
998 2960 1084 3025 quae
1098 2936 1177 3003 'cui-

131 3022 181 3085 vis
204 3024 349 3109 perlecta
371 3027 483 3112 prima
506 3024 604 3090 huius
629 3026 790 3090 orationis
815 3036 909 3110 parte
931 3047 1000 3089 non
1021 3032 1179 3112 poterent

130 3126 202 3171 non
224 3131 430 3190 succurrere,
452 3124 527 3197 post
549 3111 759 3200 Calpurniae
783 3111 970 3190 addiderat,
990 3111 1022 3173 is
1043 3131 1179 3174 necesse

132 3204 223 3274 crat,
254 3206 291 3260 ut
311 3196 440 3283 reliqua
462 3197 565 3262 etiam
585 3197 737 3262 membra
749 3194 906 3263 mutaret
926 3216 1029 3281 eaque
1047 3194 1177 3261 adscri-

129 3274 224 3345 beret
244 3281 363 3364 verba,
401 3305 492 3370 ¹quae
520 3282 557 3350 in
585 3283 755 3350 codicibus
777 3307 868 3350 nunc
889 3282 1046 3348 omnibus
1067 3278 1176 3346 addita

128 3367 355 3453 reperiuntur.
643 3374 646 3381 '
1115 3444 1124 3460 ο
1146 3444 1150 3453 1

217 3454 278 3521 His
309 3475 370 3540 ego
402 3454 607 3540 argumentis
629 3452 792 3520 adductus
819 3449 907 3519 nihil
934 3459 1018 3539 puto
1040 3458 1177 3547 certius,

130 3557 231 3625 quam
258 3540 305 3607 ita
332 3563 470 3629 prorsus
499 3565 519 3606 e
542 3542 705 3607 Cicerone
733 3540 824 3606 hunc
854 3561 926 3604 esse
957 3537 1072 3602 locum
1093 3554 1180 3598 sorr-

127 3636 242 3709 ptum,
283 3626 569 3714 quemadmodum
599 3628 641 3694 ab
663 3627 835 3692 Arusiano
858 3626 997 3693 allatum
1018 3618 1178 3711 vidimus.

127 3707 227 3795 Quae
248 3713 410 3778 sententia
433 3725 549 3779 nostra
571 3711 600 3777 si
615 3734 704 3778 vvera
725 3724 803 3795 est,¹
833 3733 937 3805 quam
958 3717 1042 3808 puto
1065 3704 1177 3771 veris·

39 3860 50 3883 ἱ
127 3798 259 3876 simam,
281 3797 433 3886 seqnitur
448 3800 616 3878 continuo,
640 3798 778 3864 minime
794 3798 925 3865 mirum
939 3793 1047 3858 videri
1066 3812 1176 3885 posse,

24 3884 28 3895 '
126 3883 157 3949 si
179 3884 214 3951 in
235 3884 308 3950 aliis
324 3887 431 3955 etiam
452 3884 552 3950 huius
574 3885 732 3951 orationis
754 3884 835 3952 locis
857 3884 961 3957 rerba
979 3877 1177 3965 deprehen·

124 3967 247 4036 dantur
274 3971 430 4047 insititio,
473 3992 559 4058 quae
585 3973 739 4053 omnium
761 3971 912 4037 nitantur
933 3965 1091 4064 codicum
1112 3982 1177 4048 auj-

122 4058 285 4123 otoritete.
342 4058 473 4123 Eorum
501 4056 665 4145 quaedam
693 4059 771 4132 data
803 4063 1052 4147 opportunitate
1082 4068 1176 4149 nnnp

117 4130 230 4245 placet
250 4146 409 4227 indicare.
511 4196 514 4203 .
