2640 4748
62 427 65 431 >
105 372 158 457 fib
176 373 277 443 unice
296 391 416 444 veram
434 372 598 460 praebere
618 369 992 465 scripturam-vidum.
1021 373 1175 447 omma.
1227 394 1235 413 -.

106 469 224 530 autam
244 461 370 553 passim
390 458 493 548 plura
513 458 619 526 verba
639 457 774 548 iniuria.
1052 466 1058 478 ’
1133 508 1140 513 ,

288 644 290 648 .
379 591 476 663 PRO
505 593 689 666 ARCHIA
716 591 891 662 POETA.

176 708 464 797 ,Diligentissima
491 712 575 778 haec
600 709 707 781 oratio
735 713 771 781 in
801 710 914 777 codice
938 698 1010 789 Eri.
1038 713 1173 805 scripta

109 803 216 873 extat,
227 794 273 860 ita
290 809 333 863 ut
354 797 573 863 librariorum
593 797 727 862 mendis
749 820 886 884 prorsus
907 795 981 864 fero
1001 801 1170 879 immunis

108 881 163 947 sit.
208 883 401 949 Nonnullae
421 884 610 972 scripturae
632 881 708 950 licet
728 883 911 949 mendosae
931 884 1015 963 silit,
1050 889 1169 958 tamen
1219 928 1223 935 ·

109 967 250 1057 propius
272 990 375 1056 quam
401 963 556 1056 vulgatae
581 969 624 1035 ad
651 971 836 1059 genuinam
857 970 1002 1038 auctoris
1020 995 1181 1043 manum.

108 1057 309 1121 accedunt'
336 1057 386 1123 Ita
409 1054 445 1123 C.
467 1055 516 1123 X.
540 1055 571 1142 5
595 1055 647 1120 25.
692 1054 810 1138 Quare
831 1055 863 1120 si
882 1078 938 1123 res
958 1055 1040 1137 dae,
1074 1084 1170 1148 quae
1195 1120 1197 1125 .
1225 1134 1230 1139 ,

106 1140 292 1229 gessimus,
314 1141 405 1209 orbis
426 1136 542 1209 terrae
557 1141 758 1228 ‘regionibus
778 1140 998 1230 definiuntur
1018 1167 1082 1235 pro
1096 1145 1168 1215 Irae

109 1225 227 1295 scribit
247 1214 339 1305 essi,
376 1228 694 1316 quod'quamquam
716 1228 900 1294 absurdum
921 1240 988 1312 eet,
1020 1234 1170 1301 ostendit

110 1324 238 1390 tamen,
259 1312 298 1378 in
316 1312 390 1379 aliis
413 1314 581 1381 codicibus
603 1336 665 1380 eae
687 1311 793 1401 fuisse
807 1314 981 1405 scriptum.
1010 1315 1049 1382 Id
1071 1319 1166 1387 onim

111 1437 194 1481 cum
213 1415 418 1482 scriberetur
437 1417 483 1483 ita
504 1441 552 1506 eg,
566 1415 648 1481 abiit
667 1417 705 1482 in
726 1438 809 1496 esse,
829 1417 921 1503 quod
933 1418 1099 1487 ¹scribitur
1114 1407 1165 1491 οἷ.

111 1505 308 1571 Pronomen
335 1515 449 1569 autem
477 1503 552 1583 bie,
595 1502 691 1572 cuius
720 1503 791 1568 vim
824 1515 858 1568 et
885 1525 985 1569 usum
1013 1506 1169 1595 plerique
1231 1549 1235 1555 -

112 1585 259 1654 editores
280 1585 438 1656 videntur
457 1588 648 1678 ignorasse,
685 1610 755 1653 non
785 1587 898 1654 minus
925 1588 967 1654 ab
995 1589 1167 1674 hocloco

113 1672 282 1755 alienum,
318 1698 421 1762 quam
450 1697 470 1741 a
492 1675 530 1740 C.
551 1674 614 1740 XI.
637 1677 669 1758 5.
690 1694 741 1760 ²7·
770 1673 932 1740 orationis
952 1675 1192 1755 Plancianum,

63 1754 70 1763 ⁴
115 1757 223 1837 Viciu
244 1760 439 1827 mehercule
460 1761 519 1839 Cn,
535 1759 666 1826 Planci
689 1782 745 1825 res
766 1759 844 1840 tae,
865 1761 1054 1850 dequibus
1076 1766 1169 1846 diei,
1226 1778 1234 1799 ³

113 1857 229 1933 tegere
248 1857 457 1999 pqtuerunt,
497 1845 560 1913 ubi
587 1857 678 1914 recte
698 1846 880 1914 Bavaricus
900 1858 937 1915 et
957 1842 1169 1941 Erfurtenais

115 1942 180 2005 cue
198 1955 282 2025 pree
306 1947 376 2001 ent.
859 1944 860 1947 ’
1161 1966 1165 1973 ·

457 2048 509 2119 ΙΝ
533 2047 576 2115 L.
604 2046 826 2116 PISONEM.

179 2233 182 2240 ,
204 2167 423 2255 Quamquam
438 2189 556 2233 omnes
573 2165 748 2234 Ciceronis
770 2165 937 2235 orationes
953 2162 1065 2239 ndns
1079 2190 1167 2256 par-
1209 2201 1212 2213 ·

115 2252 181 2321 tim
192 2254 381 2320 eretorum
393 2253 703 2342 antiquissimorum
715 2255 842 2344 partim
860 2253 1165 2321 Grammaticorum
1189 2266 1197 2301 ¹

116 2339 448 2427 interpretationibus
468 2352 589 2405 auctae‘
608 2353 686 2406 sunt
702 2353 735 2405 et
750 2350 936 2428 corruptae,
953 2350 1065 2404 tamen
1078 2341 1167 2408 aliae

37 2489 51 2499 ,,
116 2426 231 2492 minus
275 2425 348 2508 aliis
386 2426 579 2492 etiamnunc
614 2427 837 2514 interpolatae
873 2423 1167 2498 circumferuntur.
1198 2475 1207 2492 .

118 2510 223 2579 Cuius
243 2513 295 2578 rei
316 2533 417 2578 causa
438 2535 510 2580 non
531 2513 569 2578 iu
591 2533 631 2578 eo
653 2524 701 2577 est
722 2513 839 2601 posita,
862 2512 949 2600 quod
972 2513 1171 2581 recentioris
1197 2522 1200 2527 ’

21 2665 28 2685 .
118 2598 237 2665 aetatis
263 2598 329 2665 viri
357 2598 447 2665 docti
474 2599 512 2665 in
539 2599 613 2665 aliis
641 2600 847 2666 orationibus
877 2597 982 2688 magis
1009 2622 1110 2688 quam
1133 2600 1173 2670 in

106 2684 193 2774 ,aliis
221 2685 262 2751 ad
296 2699 372 2751 eant
403 2709 478 2752 rem
507 2687 660 2752 animum
691 2685 921 2752 converterint
948 2683 1172 2773 fraudemque

119 2769 277 2856 detegere
298 2773 503 2848 studuerint,
525 2773 696 2860 sedquod‚
718 2772 777 2859 qui
798 2772 900 2860 primi
921 2772 989 2839 has·
1002 2772 1176 2847 orationes

120 2858 213 2946 typis
228 2860 440 2941 excudendas
463 2870 635 2939 curarunt,
657 2860 695 2923 iu
716 2857 915 2944 quibusdam
937 2857 1172 2947 imprimendis
1215 2918 1227 2937 „

120 2944 327 3010 orationibus
357 2942 595 3028 integrioribus
632 2943 693 3013 usi¹
715 2956 794 3008 sunt
829 2944 1009 3010 codicibus.
1074 2946 1173 3032 Quae
1230 3024 1235 3029 ,

50 3068 52 3072 >
120 3051 206 3097 vero
231 3029 400 3094 orationes
422 3030 464 3095 ad
487 3028 651 3096 eiusmodi
672 3030 825 3095 codicum
844 3032 1091 3111 auctoritatem,
1116 3030 1175 3118 qui

121 3114 282 3204 plurimis
305 3111 430 3181 foedati
450 3127 549 3182 erant
569 3113 898 3204 interpolationibus,
916 3139 935 3182 a
956 3116 1077 3206 primis
1098 3116 1174 3182 edi·

122 3201 253 3266 toribus
274 3201 457 3286 impressae
479 3213 573 3282 sunt,
604 3224 664 3267 eae
686 3203 826 3268 minime
848 3203 1004 3269 liberatae
1025 3203 1073 3269 eis
1094 3213 1175 3269 sunt

122 3309 185 3375 per
206 3287 422 3372 insequentes
444 3287 603 3368 editores,
627 3287 718 3353 licet
741 3290 780 3354 iis
803 3291 909 3354 multo
935 3290 1116 3356 meliorum
1140 3296 1176 3353 et

124 3373 238 3438 miuus
267 3372 546 3461 interpolatorum
573 3373 728 3442 codicum
756 3375 854 3463 copia
882 3388 986 3449 esset.
1027 3397 1176 3462 quorum

39 3534 47 3548 ,
125 3482 190 3547 ope
219 3459 324 3523 verba
352 3465 466 3549 spuria
492 3459 581 3526 facili
609 3463 746 3547 negotio
775 3472 930 3551 poterant
957 3461 1043 3528 eiici.
1084 3460 1177 3539 Mira

124 3545 217 3646 enim
238 3545 400 3635 religione
420 3547 610 3636 primarum
634 3548 820 3616 editionum
840 3548 945 3615 secuti
959 3561 1037 3615 sunt
1056 3558 1178 3614 aucto-

127 3643 274 3700 ritatem.
306 3647 311 3651 '
683 3692 687 3703 ,
1128 3712 1129 3715 ¹
1167 3678 1174 3697 .
1216 3714 1219 3719 ἢ

43 3715 49 3728 ’
205 3716 340 3784 illustri
362 3717 564 3786 documento
588 3719 755 3786 Graevius
777 3732 843 3800 est,
879 3720 1038 3808 quicum
1064 3729 1179 3807 posset

41 3882 44 3886 .
129 3824 175 3883 ex
203 3801 325 3867 codicis
346 3802 556 3872 Erfurtcnsis
586 3808 783 3870 auctoritate
807 3805 1043 3874 Ciceronianae
1071 3805 1178 3870 orati-

128 3908 214 3954 ones
235 3888 349 3955 multis
363 3890 498 3956 inlusis
511 3889 827 3980 interpolationibus
842 3913 999 3982 purgare,
1020 3892 1178 3982 priorum
1211 3948 1215 3955 .

52 4029 55 4035 .
127 3973 317 4041 editionum
351 3977 583 4045 recensionem
620 3977 739 4043 maluit
772 3981 930 4057 retinere.
993 3980 1044 4045 Ita
1074 3999 1178 4066 supra

129 4059 276 4128 vidimus
305 4064 492 4129 orationem
511 4065 555 4130 Li
581 4065 730 4130 arianam
759 4067 874 4132 multis
895 4087 1037 4132 vacuam
1059 4063 1178 4152 glossis

23 4197 28 4209 .
127 4158 172 4233 et
193 4150 527 4238 interpretationibus
557 4088 896 4236 iirummaticorum,
939 4152 1061 4242 quibus
1090 4152 1180 4218 inter
