2634 4748
203 247 321 302 011.ss

291 412 403 481 Varro
436 411 479 479 de
505 413 550 482 ll.
581 411 626 482 lt.
657 407 723 489 ΙΙΙ,
750 415 789 494 2⁹,
817 422 858 477 ¹.
897 409 1058 481 Comitiic
1085 411 1262 495 aedilitrffa

202 522 283 568 eum
303 500 375 566 sole
396 499 498 567 caldo
515 520 578 588 ego
598 509 633 565 et
655 495 699 578 Q·
712 498 830 568 Axius
850 498 1155 568 coaeternitatis
1174 500 1262 590 suf·

193 585 363 675 fragium
383 587 582 654 tulissemus
601 620 648 637 ·-
666 583 783 653 Astus
803 584 908 666 milri,
929 586 1030 654 Dum
1050 584 1262 669 diruemur,

202 672 334 826 inpegit,
362 673 558 765 suffr-agia,
585 670 641 740 uis
654 670 776 759 potius
796 673 903 738 vittae
920 670 1086 762 publicae
1107 684 1262 743 utamur

203 781 266 826 um
287 780 330 826 ra
354 771 417 826 etc.

289 845 386 911 Solus
407 853 491 932 puto
513 841 681 911 Graevius
702 839 743 907 ad
764 841 832 909 Pis.
855 841 893 908 Ο.
914 841 993 910 XV.
1014 841 1057 907 de
1076 842 1261 913 ministra·

201 930 247 999 tis
267 931 396 996 tabellis
418 930 471 994 hic
496 951 689 995 sermonem
711 952 783 994 esse
804 931 942 995 censuit.
986 929 1145 997 Editores
1158 932 1260 1001 Var-

202 1017 315 1097 ronis,
337 1017 509 1082 Gesnerus
533 1027 566 1080 et
586 1013 829 1099 Schneiderus,
856 1016 1055 1103 quibuscum
1076 1015 1159 1085 facit
1180 1021 1258 1087 Ga-

201 1105 351 1171 ratonius
371 1101 415 1168 ad
441 1102 557 1167 Pison.
578 1101 619 1168 C.
639 1101 743 1180 XV„
771 1100 814 1167 de
834 1102 1062 1187 discernendis
1083 1103 1258 1194 suffragiis

201 1190 299 1279 loqui
319 1190 535 1270 Varronem,
563 1199 653 1254 recte
673 1185 849 1269 viderunt,
878 1211 1086 1277 quamquam
1107 1193 1258 1279 pessime

202 1277 412 1366 optimorum
439 1274 810 1369 codicumllecticnem
840 1279 983 1342 aPetro
1011 1276 1173 1342 Victoria
1197 1302 1257 1344 re-

201 1376 342 1451 ceptam,
364 1362 584 1427 deseruerunt
599 1373 633 1427 et
647 1360 856 1428 dirimentur
868 1361 931 1427 scri
958 1375 1101 1429 serunt.
1111 1363 1257 1453 Duplici

134 1482 137 1487 ·
201 1462 319 1516 autem'
336 1448 379 1514 de
401 1470 500 1514 causa
529 1449 570 1514 de
598 1446 730 1513 tabellis
757 1446 882 1536 populo
915 1384 1000 1513 ditis
1029 1448 1171 1535 cogitari
1197 1448 1256 1519 hic

200 1561 246 1604 ne
270 1537 329 1601 uit
371 1533 487 1602 Prima
509 1533 593 1598 haec
608 1545 668 1615 est,
691 1532 782 1620 quod
796 1532 1002 1621 praecedunt
1018 1534 1126 1600 verba
1146 1560 1256 1603 cum·

200 1559 413 1716 suffragium
433 1618 650 1696 tulissemus,
671 1618 792 1705 quibus
810 1620 1009 1707 intelligitur
1026 1643 1067 1686 eo
1084 1633 1277 1712 tempore,.

200 1734 270 1798 quo
292 1709 402 1775 Axius
422 1707 527 1774 vellet
553 1706 654 1772 villae
673 1706 828 1794 publicae
847 1708 970 1772 umbra
991 1707 1057 1790 uti,
1090 1708 1161 1776 lata
1179 1708 1254 1775 iam

200 1820 273 1865 esse
295 1794 467 1881 suffragia,
490 1792 519 1857 si
541 1814 611 1857 non
632 1793 787 1858 omnium
806 1791 967 1875 tribuum,
988 1805 1022 1860 at
1044 1806 1138 1861 certe
1159 1819 1254 1863 non·-

199 1883 391 1956 nullarum,
410 1881 456 1945 ita
473 1890 511 1945 ut
532 1877 720 1943 necessario
738 1879 850 1944 dicere
863 1879 1018 1946 debuerit
1029 1881 1145 1949 Axius
1163 1883 1254 1949 dum

107 2013 112 2050 ·.
178 1968 268 2043 sreli
290 1991 337 2033 ua
358 1965 535 2057 suffragia
555 1958 761 2034 diribentur‘.
801 1965 934 2045 Altera,
962 1988 1069 2053 eaque
1088 1968 1254 2056 gravissi-

199 2077 259 2121 ma
303 2075 358 2119 aec
382 2062 449 2130 est,
480 2049 571 2138 quod
592 2072 693 2115 nemo
714 2051 951 2118 Romanorum
973 2075 1038 2118 nec
1059 2053 1146 2120 dixit
1166 2072 1251 2119 um*-

199 2163 301 2228 quam
322 2158 385 2203 nec
413 2135 524 2202 dicere
544 2135 654 2225 potuit
681 2137 857 2229 suffiagia
885 2139 1082 2207 ministrare
1099 2139 1246 2227 populo,

200 2250 280 2294 cum
301 2221 463 2311 suffragia
475 2223 511 2288 in
534 2221 677 2288 comitiis
696 2244 767 2289 non
788 2223 929 2312 accipiat
950 2224 1108 2314 populus,
1129 2226 1243 2310 magi—

87 2317 89 2320 ’
198 2324 320 2380 stratus
342 2322 527 2388 creaturas,
548 2308 607 2376 sed
629 2308 715 2376 ferat
756 2332 793 2376 er
812 2323 932 2400 pontes
952 2314 988 2377 in
1003 2311 1240 2400 septaintrans.

284 2399 381 2464 Alter
394 2394 561 2463 ‘Varronis
583 2333 756 2477 locuslll}
787 2397 820 2471 5,
858 2397 910 2466 18.
940 2398 1094 2486 quamvis
1111 2399 1249 2484 largam

196 2484 296 2567 nobis
314 2481 476 2571 praebere
505 2494 616 2571 posset
636 2482 818 2551 disserendi
847 2485 1040 2564 materiam,
1070 2486 1100 2552 si
1119 2496 1247 2575 turpes,

197 2596 282 2662 qnos
304 2568 529 2636 Schneiderus
550 2569 587 2635 in
607 2570 822 2659 explanando
843 2594 884 2636 eo
907 2571 1092 2650 commisit,
1113 2594 1249 2638 errores

195 2659 362 2726 vellemus
384 2654 551 2735 refutare,
571 2667 684 2720 tamen
706 2657 865 2744 quoniam
887 2679 1009 2723 eorum
1024 2656 1250 2746 corrigendo·

195 2770 275 2815 arum
296 2743 408 2833 aptior
428 2742 560 2808 dabitur
579 2743 690 2820 locus,
710 2766 802 2811 nunc
824 2755 958 2810 tantum
980 2745 1041 2831 qui
1062 2743 1106 2810 sit
1128 2768 1249 2812 sensus

194 2832 407 2921 singulorum
428 2829 631 2906 verbor-um,
655 2828 801 2895 breviter
821 2830 976 2896 monebo.
1023 2829 1174 2920 Appono
1193 2843 1249 2898 ta-

194 2943 275 2987 men
299 2918 424 2984 iterum
444 2915 566 2991 verba,
588 2936 675 3063 puae
700 2916 923 3003 explicatione
946 2914 1119 3002 indigent:

282 3002 421 3072 Narrat
437 3001 486 3065 ad
504 2997 589 3064 tabu
603 3020 663 3064 am
685 3022 764 3067 cum
778 3000 966 3069 diribereut
987 3002 1165 3090 quendam
1182 3001 1247 3071 de-

100 3142 103 3146 .
190 3086 399 3181 prehensum
426 3085 610 3151 tesserulae
631 3085 867 3154 coniicieatem
896 3087 933 3154 in
955 3087 1129 3174 loculum3
1165 3111 1247 3156 eum

193 3175 243 3243 ad
273 3171 445 3240 consulem
483 3181 637 3237 tractum
674 3193 700 3237 a
727 3171 931 3262 fautoribus
968 3176 1245 3264 competitorum.

192 3257 450 3418 ἔαυοῆεθιινέἰί,
492 3256 585 3346 quod
612 3257 688 3326 eius
714 3259 897 3330 carrdidati
926 3270 1040 3346 curtos
1060 3260 1248 3331 dicebatur

218 3369 297 3417 ere
340 3367 433 3412 naua.
530 3360 534 3371 “

229 3370 259 3438 P
282 3430 412 3500 Tabula
433 3450 525 3496 nuno
546 3452 585 3496 ea
600 3418 818 3520 intelligenda
839 3443 897 3514 est,
920 3454 1008 3519 quae
1030 3432 1244 3503 acandidato

192 3521 271 3590 data
291 3529 364 3585 erat
384 3517 511 3601 emico,
547 3529 588 3583 ut
606 3532 656 3587 tot
676 3521 714 3584 in
743 3541 786 3584 ea
814 3530 939 3606 puncta
958 3516 1121 3608 poneret.
1160 3532 1246 3609 quot

192 3605 360 3676 essentia
387 3603 504 3670 cistam
532 3605 701 3670 coniectae
728 3606 888 3686 tabellae,
928 3606 1068 3672 nomine
1094 3628 1158 3673 suo
1186 3609 1246 3675 in-

191 3694 344 3780 scriptae.
391 3692 422 3757 Is
450 3690 610 3776 quoniam
639 3690 703 3755 hoc
729 3692 831 3757 etiam
859 3714 1001 3757 munere
1028 3691 1246 3777 fungebatur,

190 3794 231 3848 ut
249 3778 395 3859 videret,
415 3776 553 3863 nequid
574 3775 702 3841 fraudis
723 3777 760 3842 in
774 3778 968 3864 separandis
990 3779 1124 3845 tabellis
1145 3802 1245 3846 com-

189 3866 400 3939 mitteretur,
419 3862 573 3930 cuctodia
593 3869 731 3928 nomino
758 3863 1008 3950 insigniebatur.
1047 3866 1099 3930 Ita
1120 3866 1179 3953 qui
1200 3866 1246 3932 ad

189 3951 340 4020 tabulam
362 3948 588 4036 deprehensus
610 3959 700 4029 erat,
720 3951 832 4016 statim
855 3962 931 4039 post
950 3955 1098 4018 Pavonis
1124 3953 1246 4019 candi-

190 4037 261 4105 dati
282 4045 391 4101 custos
415 4035 536 4100 dicitur
559 4033 670 4100 fuisse.
716 4037 847 4103 Tabula
868 4037 970 4123 igitur
991 4049 1062 4106 erat
1082 4040 1244 4122 Pavonis,

188 4124 225 4191 id
248 4134 315 4201 est,
346 4121 472 4202 tabula,
504 4121 540 4187 in
562 4134 629 4208 qua¹
650 4122 782 4210 punctis
803 4121 980 4212 suffragia,
1003 4126 1124 4214 quibus
1146 4126 1243 4193 Paro

189 4208 308 4279 aedilis
331 4217 419 4274 esset
448 4217 598 4292 creatus,
632 4209 845 4278 inscribenda
875 4224 980 4280 erant·
1023 4214 1139 4301 ltaque
1165 4210 1245 4281 luce
