2634 4748
195 277 322 336 cetui

191 447 304 515 Rullo
331 441 488 510 eductae.
515 437 675 528 idemque
700 437 828 506 ibidem
855 435 897 506 C.
916 436 978 505 lX.
1007 439 1039 527 §.
1059 446 1140 510 πὸ(
1160 443 1256 529 Quis

193 532 323 610 tribus,
366 554 432 597 aas
451 527 581 604 colaia
607 526 763 607 vocavit,
793 526 889 592 nullo
911 531 1053 593 comode
1075 532 1256 599 sortitus?

189 617 295 689 Adde
360 618 403 682 al.
431 615 530 682 Max.
549 614 617 696 Vl,
638 615 678 691 5,
698 611 732 679 4.
766 613 814 680 Id
823 611 970 700 factrcm
999 614 1166 686 imuatm
1185 622 1254 689 Μ’.

191 705 321 776 Cutius
340 702 480 778 consul,
508 723 590 767 cum
620 699 789 765 delectum
815 698 928 767 subito
948 698 1087 769 edicere
1107 718 1255 773 coactus

191 804 300 875 esset,
339 802 375 857 et
403 788 580 855 iuniorum
608 808 710 852 nemo
731 807 787 851 ree
831 787 977 869 adasa,
1019 789 1184 859 coniectis
1212 793 1253 862 in

190 890 318 948 sonem
352 875 511 943 omnibus
545 869 724 947 adibus,
802 872 922 952 ulliae,
965 895 1057 961 quae
1078 878 1253 966 proxima

188 964 345 1048 exierat,
361 963 521 1053 primum
534 982 659 1028 aonwn
678 980 769 1025 urna
789 969 990 1025 extractum
1008 962 1116 1029 citari
1132 964 1253 1036 iussit.

278 1051 437 1136 Singulae
447 1047 552 1133 igitur
569 1057 802 1132 sortes,··qnae
822 1047 861 1113 in
879 1069 1003 1112 urnam
1017 1047 1263 1121 conficiebam.

189 1152 268 1220 tur,
286 1135 464 1224 insignitae
484 1144 582 1199 erant
601 1133 752 1199 tribuum
771 1133 928 1213 nomine,
949 1154 1036 1220 quae
1056 1135 1095 1201 in
1116 1137 1253 1206 suffra-

188 1227 284 1314 gium
303 1219 488 1290 mittendae
508 1231 624 1303 erant,
655 1219 704 1284 ita
723 1219 821 1286 utin
849 1216 1041 1288 istiusmodi
1068 1223 1254 1293 sortitione

189 1323 289 1382 recte.
304 1307 416 1376 tribus
434 1329 499 1397 pro
520 1319 612 1374 sorte
632 1305 699 1372 dici
718 1305 879 1408 potuerit.
993 1350 998 1361 -
1025 1332 1030 1340 ·
1219 1339 1224 1350 ·
1277 1306 1282 1345 ⁸

276 1398 459 1464 Caeterum
476 1393 537 1459 etsi
558 1392 647 1460 nihil
667 1392 703 1458 in
724 1393 807 1481 apsis
818 1394 951 1459 Lucani
972 1393 1090 1465 verbis
1105 1407 1253 1481 mutan-

188 1483 273 1553 dum
303 1506 377 1549 esse
406 1480 522 1560 docui,
555 1494 671 1545 tamen
700 1481 889 1545 necessaria
915 1480 1000 1546 mihi
1026 1486 1250 1572 transpositio

188 1592 352 1637 versuum
375 1567 438 1658 595
461 1580 495 1635 et
515 1565 591 1654 594.
617 1564 763 1632 videtur.
804 1565 852 1631 Ut
872 1566 965 1631 enim
985 1589 1005 1632 a
1025 1571 1134 1656 poetis
1156 1595 1250 1643 non-

186 1680 365 1745 nunquam
385 1678 459 1734 res,
480 1675 566 1743 quae
587 1651 842 1731 describuntur,
862 1654 981 1721 ordine
1001 1678 1072 1721 non
1092 1656 1248 1744 legitimo

187 1744 317 1832 exponi
340 1740 541 1818 concedam,
579 1740 758 1828 geminum
786 1750 902 1805 tamen
923 1743 1140 1831 exemplum,
1200 1768 1250 1812 uo

187 1842 260 1898 tam
280 1829 442 1920 perversa
460 1848 578 1893 rerum
600 1825 787 1915 expositio,
809 1827 918 1915 qualis
940 1827 1023 1893 haec
1045 1840 1098 1896 est
1117 1766 1249 1896 verbo-

186 1941 266 1984 rnm
289 1927 324 1982 et
344 1940 412 1983 non
435 1913 691 1979 admissae-in
712 1935 822 1995 urna,
842 1936 917 1980 com
943 1915 1100 1999 robetur,
1121 1940 1249 2008 reper-

186 2016 261 2070 tum
282 2003 326 2069 iri
346 2023 445 2087 nego.
487 1998 648 2081 Accedit,
680 1999 769 2085 quod
798 1999 837 2066 in
857 1937 987 2068 nuliius
1012 2015 1137 2090 poetae
1167 2026 1248 2073 car-

187 2090 337 2159 minibus
358 2086 493 2174 saepius
506 2107 624 2174 ¹quam
643 2085 680 2152 in
707 2085 844 2155 Lucani
863 2087 1036 2155 Pharsalia
1057 2112 1078 2155 a
1098 2091 1245 2168 librariis

186 2197 348 2242 versuum
372 2166 488 2240 s'edem
507 2183 637 2239 temere
664 2182 831 2238 mutatam
850 2197 923 2242 esse
942 2176 1082 2244 scimus.
1122 2179 1243 2266 Itaque

187 2284 268 2330 mea
288 2259 453 2329 sententia
476 2260 526 2326 sic
546 2257 678 2348 scripsit
695 2257 876 2326 Lucanus:
938 2264 943 2273 ’

554 2393 661 2472 fingit
678 2396 843 2456 sollemnia
861 2417 1003 2476 campus,
1192 2482 1194 2487 Ι

296 2491 523 2568 Decantatque
541 2487 644 2548 tribus
663 2497 695 2545 et
712 2507 800 2547 vana
818 2493 976 2549 versatim
994 2510 1092 2568 urna,

298 2585 344 2644 Et
362 2602 427 2644 non
444 2581 602 2640 admissae
620 2579 746 2639 dirimit
762 2579 924 2662 suffiagia
936 2583 1052 2661 plebis.
1081 2608 1087 2622 ¹

443 2805 987 2915 DISSERTATIO}

242 2995 515 3066 DISCRIMINE
548 2907 817 3063 vultuiiiiUM
857 2995 919 3066 CI
919 2995 948 3063 S
958 2993 1072 3067 ΤΑΕ
1109 2996 1178 3069 ΕΤ

550 3081 607 3148 SI
615 3081 860 3150 TELLAE.
1282 3082 1286 3087 ’

265 3199 383 3288 Quam
409 3197 615 3287 multiplices
642 3222 743 3290 saepe
774 3223 818 3268 ex
839 3222 881 3268 eo
911 3224 1044 3268 errores
1073 3201 1241 3284 oriantur,
1300 3220 1303 3225 ’

202 3287 272 3355 uod
298 3286 502 3366 verborum,
547 3307 634 3372 quae
669 3300 829 3375 cognatae
857 3300 937 3355 sunt
972 3288 1238 3375 significationis,

177 3310 361 3443 discrimen
383 3373 561 3460 diligenter
581 3396 602 3440 a
622 3373 787 3443 Romanis
817 3375 1036 3443 observatum
1058 3376 1238 3464 negligunt

176 3464 236 3531 vel
257 3463 415 3546 ignorant
435 3461 544 3526 nostri
565 3463 729 3550 temporis
755 3462 824 3531 viri
845 3464 953 3544 docti,
980 3461 1066 3530 haee
1086 3463 1130 3528 de
1149 3485 1237 3531 ven·-

176 3549 230 3618 bis
251 3550 339 3616 cista
360 3559 394 3613 et
415 3546 534 3614 sitella
554 3546 742 3616 dissertatio
764 3549 955 3616 declarabit.

232 3676 235 3682 ·
265 3632 468 3702 Communis
496 3645 610 3700 autem
645 3635 823 3703 bominum
857 3634 1057 3719 doctorum,
1099 3633 1162 3724 qui
1189 3633 1237 3702 de

174 3722 322 3792 nominis
350 3722 584 3788 Romanorum
616 3735 865 3809 exposuerunt,
907 3723 1023 3812 opinio
1053 3744 1145 3788 nunc
1170 3733 1235 3804 est,

173 3809 370 3899 promiscue
396 3808 440 3874 ab
468 3806 612 3894 antiquis
645 3811 770 3873 cistam
805 3822 839 3875 et
866 3810 1019 3878 sitellam
1051 3822 1235 3896 usurpatas

172 3918 248 3962 esse
270 3895 314 3962 de
336 3916 430 3974 vase,
465 3895 503 3962 in
533 3893 626 3980 quod
651 3894 794 3961 tabellae
821 3919 843 3961 a
863 3895 1023 3984 suffragia
1042 3895 1261 3963 ferentibus·

171 3983 343 4050 coniectae
371 3982 449 4047 sint.
489 3979 598 4062 Vide,
633 3994 673 4048 ut
698 4006 809 4049 unum
837 4005 1119 4062 commemorem,
1148 3981 1233 4050 *Er-

171 4068 325 4136 nestium
345 4067 383 4135 in
405 4068 501 4135 Clav.
519 4068 589 4136 cic.
610 4069 673 4134 sub
696 4093 729 4136 vs
744 4069 840 4137 sitell
863 4115 872 4135 .
915 4071 955 4135 In
1001 4092 1045 4132 ua
1067 4068 1230 4157 opinione

169 4153 324 4246 profecto
354 4155 482 4222 mirum
511 4164 565 4221 est
591 4156 763 4243 quomodo
792 4167 843 4222 tot
877 4155 945 4222 viri
974 4093 1063 4224 iiocti
1094 4156 1230 4224 tamdiu

169 4264 243 4313 osse
257 4241 442 4333 potuerint,
464 4264 543 4311 clun
561 4265 682 4313 verum
702 4242 825 4312 horum
843 4242 1029 4343 verborum
1045 4242 1230 4313 discrimen
