2634 4748
109 262 112 266 ’
177 280 284 333 cuxn

175 441 353 509 iuncorum
367 459 465 504 nemo
484 416 724 539 respondisset,
745 434 906 507 coniectis
925 435 964 501 'in
973 445 1101 501 sortem
1114 434 1232 503 omni-
1259 424 1267 461 *
1312 519 1315 523 ,

177 530 242 596 tus
261 521 418 592 tribubus
439 523 595 606 Polliae,
615 544 705 612 quae
723 523 887 612 proxima
906 522 1051 603 exierat,
1070 520 1235 613 piimun't

85 674 88 679 ,
178 632 298 682 nomen
320 633 434 679 urna
455 621 653 676 extractum
676 607 780 675 citari
799 606 910 675 iussit.

220 746 454 837 virgitAen.
478 744 632 830 V1,431
656 768 726 836 sqq·
761 811 764 815 ,

195 897 198 901 f
291 865 360 923 Nec
376 860 524 922 ves-olcus
540 865 705 923 sincsorte
719 861 832 939 datae,
848 864 918 922 sine
935 860 1041 924 iudica
1056 861 1181 921 sedes..
1248 910 1253 926 ,

295 954 462 1031 Quaesitor
476 952 589 1012 Minos
607 972 747 1013 urnam
765 963 883 1013 navet:
901 954 956 1012 illc
967 955 1117 1013 silentum

295 1047 529 1122 Conciliumquc
543 1057 653 1117 cocat,
676 1049 821 1125 vitasque
839 1057 870 1104 ct
888 1048 1026 1106 crimina
1042 1047 1147 1110 ducit.

223 1144 353 1209 Lucan.
375 1135 494 1203 Phara.
515 1136 564 1218 V,
587 1137 663 1229 394.
1102 1130 1115 1136 ’
1234 1132 1237 1137 ‘

295 1242 520 1318 Decantatque
538 1240 641 1300 tribus
655 1252 686 1300 et
699 1240 788 1300 vano
805 1251 914 1298 versat
928 1241 966 1299 in
975 1259 1112 1333 [toreca.¹

273 1362 734 1444 Urmseuam,uts1u11as,
759 1385 838 1430 vasa
859 1362 995 1453 aquaria
1016 1384 1122 1450 esque
1143 1361 1240 1429 ficti-

182 1458 229 1526 lia
256 1455 455 1544 plerumque
482 1449 603 1534 fuisse,
644 1452 682 1517 in
706 1449 829 1538 vulgus
860 1462 979 1515 notum
1014 1461 1074 1519 est.
1124 1449 1238 1539 Pomo

182 1543 298 1610 forma
318 1542 485 1605 usmetum
509 1537 574 1603 etsi
592 1534 854 1622 nouincognita
873 1548 941 1618 est,
963 1551 1098 1624 appono
1120 1547 1240 1603 tamen

183 1625 330 1697 Ferratii
345 1623 472 1705 uerba,
506 1645 551 1690 ex
571 1623 657 1689 libro
687 1620 729 1687 de
750 1622 897 1688 Lucem.
926 1623 1101 1709 Sepulchs.
1129 1622 1238 1688 Thes.

122 1725 125 1734 '
185 1719 272 1783 Ant.
291 1715 393 1779 Rom.
415 1712 542 1776 Grssv.
564 1711 606 1776 Τ.
629 1707 705 1776 ΧΠ.
725 1729 760 1796 p.
785 1709 880 1776 1013.
901 1709 1022 1797 petita:
1057 1707 1152 1775 Erat
1172 1730 1239 1774 aas

159 1803 387 1888 „oblongum
420 1817 559 1883 corpote
585 1792 751 1874 rotundo,
780 1795 866 1860 collo
884 1815 1045 1885 procero,
1073 1805 1239 1884 angusto,

185 1911 230 1955 ac
240 1880 440 1975 fistulatim
453 1891 635 1971 porrecto,
665 1878 811 1949 adiectis
833 1877 915 1948 hinc
936 1882 1016 1947 inda
1040 1881 1150 1948 ansis.

272 2019 402 2088 Orcum
423 2017 467 2084 ad
487 2015 697 2084 'sortiendum
715 2015 898 2083 adhibitam
920 2040 1009 2099 esse,
1034 2015 1238 2086 Scholiastes

185 2109 315 2176 Lucan.
337 2105 393 2186 V,
425 2102 497 2189 594.
527 2114 678 2170 testatur·
696 2103 750 2170 his
778 2103 907 2170 verbis:
947 2103 1061 2171 Urna
1090 2117 1144 2172 cst
1161 2127 1236 2181 vas,

210 2193 280 2259 uod
299 2202 333 2257 et
362 2213 465 2256 orca
492 2188 637 2272 dicitur,
667 2189 704 2255 iu
726 2212 793 2278 quo
815 2189 953 2278 antiqui
979 2201 1087 2257 sortes
1114 2188 1234 2256 mitte·
1297 2236 1302 2249 ,

186 2216 288 2358 iant,
310 2288 344 2344 et
366 2274 528 2345 manibus
548 2287 785 2342 conversantes
805 2276 997 2346 movebant.
1039 2273 1179 2343 Materia
1199 2283 1233 2339 et

185 2365 299 2433 forma
327 2384 487 2442 orcarum
523 2365 641 2430 eadem
673 2356 775 2514 atius
804 2354 971 2431 uiuarum
1003 2361 1094 2439 fuit„
1129 2354 1258 2431 Recte·

187 2453 280 2531 euim
301 2460 417 2516 monet
437 2449 607 2514 Gesnerus
629 2449 692 2516 sub
737 2494 747 2515 .
773 2471 855 2514 voce
875 2471 909 2514 ιι.
932 2467 984 2518 2.z
1008 2447 1154 2532 „Orc'a
1174 2450 1240 2515 vas
1275 2522 1281 2533 ,

108 2612 111 2619 ¹
175 2536 296 2628 fictile
318 2537 457 2604 videtur
476 2536 552 2602 lato
572 2535 669 2617 alvo,
691 2547 839 2624 augusto
861 2558 938 2611 ore,
959 2535 997 2602 in
1018 2557 1127 2624 quum
1149 2535 1243 2602 inter

189 2623 348 2692 ludentes
378 2642 508 2711 pucros
537 2621 599 2710 qui
632 2623 756 2688 nucem
786 2621 972 2696 iniecisset,
1013 2622 1126 2690 victor
1152 2613 1245 2691 slot.

188 2713 288 2781 cerie
316 2711 369 2776 ita
396 2706 548 2797 intelligi
562 2708 675 2795 possit
704 2706 804 2774 Pers.
832 2707 900 2776 HI
899 2754 911 2786 ,
938 2707 993 2774 50.
1035 2708 1246 2796 Angusto

106 2852 110 2859 .
190 2795 406 2863 collonon
425 2788 600 2882 fallier
636 2800 796 2860 orcae.“
840 2793 1021 2864 Caeterum
1048 2815 1128 2857 cum
1155 2788 1246 2861 afiao

187 2906 242 2949 res
264 2879 438 2961 humidae,‘
455 2889 529 2944 tum
547 2878 717 2968 imprimis
737 2881 857 2949 vinum
877 2880 964 2948 orcis
984 2868 1247 2967 infundebatur,

188 2970 229 3037 iu
248 2966 356 3055 iisque
377 2964 583 3030 servabatur.
664 2980 672 2998 ¹
775 2974 783 2992 '
1004 2976 1007 2982 ·

274 3097 470 3169 Istiusmodi
484 3097 595 3169 forma
612 3123 691 3168 cum
711 3102 816 3170 fuerit
836 3124 1002 3170 urnarum
1023 3112 1057 3168 et
1072 3122 1246 3183 occasun,
1262 3143 1265 3148 -

162 3218 164 3222 ·
190 3188 411 3261 vehementer
431 3207 546 3254 aurate
571 3201 714 3277 apparet
741 3191 839 3271 eum,
880 3189 941 3277 qui
967 3188 1010 3253 ad
1038 3188 1247 3274 colligendas

65 3276 69 3282 ’
191 3273 330 3341 tabellas
349 3294 406 3339 eas
436 3271 594 3360 usurpari
614 3274 767 3361 potuisse
785 3274 902 3342 credit.
944 3275 1128 3360 Quomodo
1149 3275 1247 3341 enim

83 3417 86 3421 ,
191 3358 321 3428 extrahi
347 3358 485 3424 tabellas
512 3383 558 3424 ex
586 3360 752 3428 eiusmodi
779 3363 867 3429 vasis
902 3362 1058 3449 potuisse.
1077 3362 1246 3437 censebis,

184 3467 334 3532 quarum
368 3445 496 3512 collum
531 3448 640 3513 multo
670 3468 773 3535 quam
807 3449 906 3517 alvus
944 3446 1010 3514 fuit
1045 3446 1245 3535 angustius?

175 3532 298 3607 'Immo
318 3533 420 3617 longe
440 3531 542 3597 aliam
565 3533 687 3599 debere
713 3555 901 3621 vasorum,¹
931 3533 969 3599 in
990 3555 1075 3620 quae
1099 3533 1245 3599 tabellae

191 3618 360 3701 coniectae
381 3632 474 3699 sunt,
504 3617 650 3687 formam
679 3619 806 3700 fuisse,'
819 3617 934 3708 quivis
956 3623 1012 3685 vel
1041 3630 1162 3707 sponte
1181 3618 1250 3685 in-

79 3771 85 3779 ,
189 3703 314 3790 telligat
344 3726 478 3791 necesse
514 3715 573 3771 est.
622 3705 757 3773 Verum
786 3729 855 3772 non
891 3706 1080 3771 coniectura
1108 3716 1244 3772 tautum

189 3812 267 3856 mea
288 3789 372 3855 haec
394 3792 512 3856 nititur
532 3791 715 3873 sententias,
731 3792 803 3858 ‘sed
833 3791 1056 3859 disertissimis
1085 3804 1245 3858 veterum
1264 3824 1268 3831 ·

191 3872 406 3956 testimoniis,
431 3876 581 3942 nummis
603 3876 688 3959 dico,
710 3901 857 3965 quocum
877 3878 1027 3966 profecto
1042 3876 1245 3965 gravissima

94 4000 97 4013 ·
190 3961 227 4027 in
255 3960 318 4025 hac
338 3984 376 4027 re
397 3963 574 4042 auctoritas
596 3975 656 4029 est·
697 3968 815 4032 Exstat
835 3976 948 4031 autem
968 3963 1059 4031 inter
1072 3963 1156 4029 alios
1177 3961 1245 4030 de-

189 4047 314 4123 narios,
337 4048 454 4132 quosS
481 4048 656 4114 arthemius
677 4049 720 4117 de
735 4075 785 4118 us.
809 4050 978 4139 et'pracst.
996 4072 1090 4117 num.
1113 4073 1151 4135 p.
1174 4050 1244 4118 580

189 4132 240 4196 ed.
268 4133 436 4200 MDCLX
472 4136 496 4199 l.
525 4134 673 4222 depictos
701 4137 811 4214 dedit,
846 4159 935 4202 unus
964 4138 1073 4222 gentis
1097 4135 1241 4204 Cassiae
1303 4194 1308 4205 .

113 4282 139 4305 „
186 4238 254 4264 Μ’·
276 4217 357 4307 togis
387 4242 407 4286 a
435 4218 550 4286 Cassio
583 4221 737 4309 Longino
767 4223 811 4290 cle
836 4223 1023 4316 sufflagiis
1042 4224 1130 4289 latas
1160 4243 1244 4287 me-
