2640 4748
157 256 314 321 cxxvrrr
363 304 368 319 ,

103 438 107 443 “
153 416 326 501 edentur„
341 410 467 568 inpuit,
492 410 679 565 wagio,
699 413 753 483 vis
770 415 888 504 potius
905 416 1012 488 villae
1029 418 1197 510 publicae

153 519 298 576 utamur
320 528 379 569 um
400 527 452 567 m.
535 500 960 587 are,1'uquitAbramius,
991 506 1197 591 uisitator,

151 591 300 659 ostendit
313 592 422 657 Varro
443 583 666 653 diribitiouem
688 584 761 651 lieri
780 587 912 654 solitam
933 590 1007 659 latis
1027 593 1097 657 iam
1120 594 1196 661 aui·

152 674 277 766 fragiis.
317 675 460 742 Fallitur
485 682 576 739 certe
596 672 788 739 Abramias.
817 674 939 741 Axius
967 690 1000 747 et
1024 679 1136 745 Varro
1156 680 1197 747 in

151 759 306 831 centuria
328 770 385 826 aut
406 756 658 847 praerogativa,
684 757 797 823 autin
818 759 934 847 primis
960 763 1035 829 iure
1061 766 1199 845 uncam

153 848 352 935 suffragium
370 850 528 910 tulerant.
566 842 698 908 Interea
719 842 801 913 dum
817 847 936 911 ceteris
956 849 1115 921 centuriis
1136 862 1195 924 ta-

151 936 261 1017 beilue
280 932 503 1009 diriberfentur
517 928 658 999 umbrae
669 949 784 995 caussa
801 944 1002 1005 secesserant
1016 935 1053 1003 in
1072 936 1194 1005 villam

151 1021 338 1111 publicam,
358 1026 399 1080 ut
420 1036 498 1081 cum
523 1035 639 1079 omnes
659 1013 830 1081 centuriae
851 1015 1003 1083 tulissent
1022 1016 1201 1108 suffragia„

152 1106 328 1175 candidato
342 1096 747 1175 domumeuntinflieium
763 1112 979 1186 praestarent.
1013 1104 1089 1181 Sed,
1109 1130 1194 1193 per-

152 1194 200 1281 git
217 1188 407 1269 Abramiue,
451 1186 516 1251 uod
535 1183 785 1251 siministratae
801 1183 950 1273 inurent,
972 1189 1198 1271 nondiv-,ersa

152 1300 276 1355 manu,
307 1274 364 1340 sed
394 1208 454 1338 vel·
474 1292 541 1335 uua
568 1270 626 1352 vel,
642 1272 755 1357 paucis
777 1273 921 1361 scriptae
942 1287 1068 1355 essent,
1095 1280 1192 1345 scili·-

151 1376 206 1431 oet
226 1358 375 1429 tabellae.
418 1357 515 1429 Unde
535 1354 616 1421 baec
642 1356 788 1442 colligit?
830 1359 927 1424 Num
947 1361 1107 1430 credibile
1131 1378 1192 1443 est,

59 1512 63 1519 .
150 1462 280 1520 tautam
293 1443 491 1517 tabellarum
506 1442 638 1529 copiam
655 1464 762 1513 unum
779 1454 837 1515 aut
851 1464 973 1529 paucus
993 1448 1058 1512 scri
1083 1437 1191 1517 sisic?

151 1558 196 1603 an
217 1557 284 1601 nou
311 1554 394 1597 vero
416 1528 579 1609 similius,
606 1526 790 1612 quamlibet
809 1530 994 1595 centuriam
1020 1470 1189 1613 babuisse.

174 1621 208 1687 ui
228 1618 364 1685 tabellas
385 1614 569 1701 signarent,
591 1634 674 1697 quae
687 1614 939 1701 praebebantur
960 1615 1189 1703 diribitoribus

150 1644 419 1775 distribuendae?
449 1699 539 1765 Hinc
559 1696 688 1764 facilius
704 1699 888 1787 explicatur
909 1702 1001 1767 locus
1015 1703 1187 1773 Plutarchi

26 1830 30 1835 ·
149 1792 185 1863 in
208 1792 334 1858 Catone
349 1783 494 1857 Uticensi
515 1783 557 1848 de
577 1784 741 1850 aedilitate
753 1785 912 1861 Favonii,
935 1810 1036 1875 quem
1057 1804 1090 1857 et
1110 1792 1185 1893 ipse
1212 1796 1216 1803 '

150 1891 185 1947 et
205 1869 622 1949 Graccbiue'adtulerunt3
655 1870 711 1954 qui
736 1866 851 1937 scribit
871 1873 1033 1939 Catonem
1063 1876 1100 1942 in
1120 1878 1188 1945 dlis

150 1961 311 2037 comitiis,
346 1959 383 2023 in
412 1953 532 2041 quibua
561 1954 730 2042 repulsam
753 1956 876 2022 tulerat
894 1959 1081 2037 Favonius,
1108 1964 1183 2029 ani·

150 2046 364 2117 madvertisse
389 2036 545 2105 fraudem
566 2040 755 2127 irrepsisse,
791 2044 879 2129 qaod
906 2066 1021 2121 omnes
1043 2048 1183 2125 tabellae

148 2157 216 2202 una
243 2152 344 2195 mauu
373 2128 515 2214 scriptae
544 2121 694 2191 fuissent.
731 2127 781 2193 'Si
800 2127 1003 2195 ministratae
1032 2130 1180 2211 fuissent,

148 2222 194 2287 ait
222 2216 364 2287 Abram.
390 2234 459 2277 nou
487 2211 620 2277 diversa
645 2233 764 2293 manu,
805 2214 864 2279 sed
892 2238 960 2281 una
987 2216 1042 2282 vel
1071 2220 1177 2308 paucis

147 2304 288 2391 scriptae
309 2300 498 2369 debuissent
518 2320 601 2367 esee.
642 2296 691 2363 At
710 2298 775 2365 hoc
798 2310 850 2370 est
867 2302 1058 2368 altsurdum.
1075 2301 1179 2393 ,Quia

103 2440 108 2450 ,
147 2388 313 2461 centurias
332 2407 449 2453 omnes
467 2378 583 2449 eadem
603 2404 707 2447 manu
723 2385 859 2472 scriptas
872 2387 1009 2455 tabellas
1030 2388 1183 2474 habuisse

149 2473 367 2567 deprehendit
386 2471 483 2545 Cato,
504 2464 581 2534 inde
604 2467 764 2543 coniecit,
785 2469 836 2559 ab¹
852 2495 920 2537 uno
942 2473 1079 2540 homine
1100 2498 1183 2553 ,om-

147 2587 210 2633 ues
228 2560 363 2628 tabellas
383 2577 456 2621 ease
478 2553 653 2629 confectas,
674 2566 706 2620 et
722 2554 948 2635 diribitoribns
968 2560 1078 2639 datas,
1100 2580 1182 2627 cum

87 2660 92 2677 “
144 2648 294 2736 singulae
315 2641 480 2719 centuriae
501 2649 558 2704 aut
577 2640 697 2705 saltem
717 2642 835 2723 nitus,
854 2666 935 2717 nem
956 2645 1061 2713 ethis
1082 2647 1181 2714 locus

145 2736 258 2803 est-in
289 2728 431 2797 comitiis
460 2727 668 2805 centuriatis,
704 2745 779 2793 snas
805 2729 966 2797 baberent
991 2728 1126 2815 tabellas
1155 2756 1179 2801 a

144 2820 285 2890 dirersis
305 2816 437 2885 diversa
458 2832 560 2879 manu
580 2810 728 2899 scriptas.
769 2814 902 2883 Verum
925 2814 1017 2881 domi
1035 2816 1178 2905 scriptae

143 2906 282 2977 tabellae
289 2950 300 2981 ,
321 2924 401 2989 quas
424 2892 524 2963 domn
548 2893 688 3045 ‹puisque
706 2920 820 2965 secum
840 2896 1031 2989 adportavit
1056 2902 1093 2969 in
1113 2926 1178 2969 co·

138 2988 253 3070 'minim
279 3000 318 3053 ut
338 2984 503 3053 existimat
523 2983 683 3063 Auum,
717 2986 884 3070 quomodo
904 3000 1087 3077 potnerunt
1108 3010 1178 3059 nna

142 3099 247 3148 manu
266 3071 382 3151 scribi,
398 3082 456 3137 aut
476 3069 642 3154 quomodo
663 3070 787 3155 singuli
808 3068 896 3138 cives
917 3076 954 3140 in
974 3081 1065 3141 tanta
1083 3076 1177 3141 mul-

141 3161 284 3233 titudine
312 3158 504 3245 potuerunt
518 3154 610 3225 domi
644 3177 724 3223 suae
749 3151 872 3225 babere
904 3156 1051 3245 tubulas,
1093 3182 1189 3263 quaa-

141 3270 230 3319 uuus
251 3246 352 3313 bomo
371 3236 520 3329 scripsit?
568 3238 708 3309 Frustra
727 3245 883 3329 equidem
904 3246 1089 3315 Abramius.
1106 3267 1176 3315 rm·

140 3343 270 3429 pugnat
289 3326 515 3410 Gracchium,
541 3328 634 3395 ouius
654 3332 817 3395 sententia
837 3330 922 3398 nihil
942 3333 1089 3399 verius.“
1173 3368 1177 3375 ·

156 3454 178 3489 ,·.,ι
189 3482 194 3487 .
204 3480 216 3489 .,
225 3418 321 3487 Haec
332 3412 508 3492 Graevius,
526 3410 621 3482 cuius
633 3438 773 3498 errores,
792 3435 877 3502 quoa
886 3418 1050 3518 plurimos
1062 3412 1097 3487 in
1111 3415 1187 3507 bae,

17 3564 22 3575 .
138 3500 422 3581 acts-eommisit,
450 3514 613 3586 quantum
635 3523 768 3569 necesse
788 3514 855 3577 est,
884 3496 976 3569 mira
996 3506 1174 3591 corrigam.

4 3660 8 3668 ,
155 3614 204 3659 ‚st
219 3587 369 3665 Ernestii
382 3587 493 3666 verba,
538 3610 599 3653 uae
617 3584 682 3653 buo
700 3588 877 3676 pertinent.
897 3580 1175 3678 infra'apponain'.¹

102 3732 108 3745 .
137 3672 326 3754 cromerus
346 3684 457 3821 antppr
478 3672 501 3737 l.
514 3610 547 3739 l·
567 3696 602 3761 p.
611 3694 643 3825 lp
645 3694 700 3823 Ι19.
721 3685 793 3739 not.
815 3675 898 3743 haec
918 3670 1064 3765 scripsits
1128 3760 1136 3780 ο

10 3853 20 3939 ᾗ
128 3758 1173 3931 »ᾶιιῖἧᾩὶτὶιῗῒὴεηῑιιέὶοευὲιῖεςίαμΞζγοιῗειξέοιξῇἰνίἶξξξῐῗὲ

14 3954 29 3989 .·
110 3928 260 4007 ,andem
287 3930 471 3999 diribentur
499 3930 604 3997 lesen·
645 3922 862 3999 Unterarhied
888 3930 1056 4013 zwisehen
1078 3928 1172 4005 diri-

117 4009 211 4083 bers
239 4017 310 4085 und
342 4008 522 4116 dirimere·
537 4014 600 4113 bei·
624 4009 689 4081 deu
722 4014 848 4087 tabellis
885 4019 952 4089 und
986 4016 1170 4107 suffragiim

102 4096 268 4181 ‚Ernesti
290 4102 385 4171 clav.
408 4094 479 4166 cto.
511 4123 548 4167 m
568 4092 729 4181 diribere,
761 4118 815 4173 tvo
838 4100 973 4172 Ernesti
997 4102 1056 4173 die
1076 4102 1188 4173 Msiss.

25 4188 29 4194 ’
91 4182 506 4275 munerantis·
524 4182 569 4265 da
583 4180 736 4255 comitiis
754 4182 965 4281 vcrtbaidlflt.
1007 4176 1187 4284 Dagsgm'
