2640 4748
135 316 282 377 cxxxrv

135 478 249 566 signo,
271 476 430 580 scriptam
451 456 636 542 inveneritss
675 473 774 571 Quae
801 475 969 564 particula
996 491 1036 550 ut
1063 479 1201 554 indicet

135 564 259 652 aliquid
283 562 463 645 exordisse,
484 559 629 627 minime
654 571 771 628 tamen
791 563 982 633 istiusmodi
1010 569 1116 637 verbu
1140 573 1201 641 le-'

70 674 74 682 ·
134 673 243 723 cunae
264 648 449 738 explendae
468 670 568 715 causa
585 658 721 735 recepta
743 651 914 738 oportuit,
941 673 1027 739 quae
1048 676 1069 721 a
1089 657 1199 726 Cice·

133 760 219 805 rone
239 759 309 802 non
327 734 475 827 potuisse
495 732 552 799 hic
571 733 673 803 scribi
699 734 890 806 luculenter
938 749 1024 804 otest
1043 745 1198 819 ostendi.

133 824 228 893 Nam
248 822 375 911 posito,
402 833 443 887 nt
463 818 661 899 diribentur
679 819 858 908 significet,
885 823 897 891 i
942 825 1034 912 quod
1052 831 1199 916 putavit

21 944 24 950 ·
132 909 299 980 Patricius
324 929 469 995 cumque
491 929 533 972 eo
561 907 756 988 Ernestius,
786 908 1063 994 distribuuntur,
1103 938 1200 1004 quo-

102 1054 106 1063 .
132 998 239 1063 modo
261 995 400 1062 tandem
424 998 512 1058 inter
533 1014 589 1072 ea,
613 1014 700 1079 quae
720 992 821 1073 liant,
844 1009 1022 1086 antequam
1041 1004 1200 1091 populus

132 1083 172 1150 in
192 1082 302 1149 tribus
323 1102 400 1146 suas
423 1077 590 1160 discedat,
610 1078 809 1147 tabellarum
829 1084 1033 1151 ministratio
1052 1108 1200 1157 memo-

132 1169 202 1237 rari
222 1167 352 1256 potuit„
375 1188 477 1254 quam
498 1177 572 1232 turn
595 1162 740 1253 denique
760 1191 834 1235 esse
853 1169 996 1254 factam,
1019 1193 1101 1239 cnm
1122 1198 1197 1265 po-

158 1256 232 1321 ulus
253 1252 409 1318 tributim
431 1252 474 1320 ad
495 1263 634 1340 pontes,
668 1273 733 1340 per
753 1277 837 1343 quos
862 1256 897 1323 in
919 1271 1014 1346 septa
1029 1261 1058 1345 *l
1080 1260 1196 1329 intra-

131 1278 205 1423 ἰαί,
226 1339 398 1406 accederet
405 1350 558 1421 ,omnes
579 1339 700 1415 sciunt,
722 1344 780 1429 qni
802 1340 948 1430 aliquam
970 1345 1191 1421 comitiorum
1227 1376 1230 1387 ¹

125 1426 372 1495 Romanorum
395 1424 553 1492 notitiam
574 1423 724 1491 habent?
1223 1484 1227 1491 .

219 1513 277 1578 Ex
293 1511 410 1601 inepto
423 1511 529 1599 igitur
549 1510 744 1612 interpretis
759 1510 983 1580 additamento
999 1515 1205 1601 Ernestius,

131 1621 234 1688 quem
264 1599 470 1665 multisunt
497 1597 557 1664 ulii
584 1595 653 1662 virr
677 1596 767 1663 docti
795 1601 917 1679 secuti,
960 1602 1193 1690 significatum

129 1686 228 1752 verbi
250 1684 399 1751 diribere
420 1684 522 1751 eruit.
566 1681 639 1768 Qui
659 1683 688 1750 si
709 1684 850 1751 Graevii
872 1685 974 1752 modo
996 1691 1193 1757 cousuluis-

130 1784 183 1839 set
202 1772 387 1837 editionem
409 1782 442 1836 et
464 1769 766 1853 commentarium,
789 1781 858 1836 tam
880 1770 963 1838 falsa
982 1774 1025 1842 de
1045 1777 1192 1849 notione

37 1904 46 1913 -
128 1857 228 1925 verbi
248 1857 340 1924 illius
362 1855 511 1921 scribere
539 1854 602 1921 vix
622 1856 742 1943 potuit.
785 1855 931 1924 Isenim
959 1863 1190 1961 quemadmo-

131 1944 216 2010 dum
239 1942 381 2009 omnino
415 1941 452 2007 in
478 1939 691 2011 recensendis
720 1940 893 2009 Ciceronis
917 1946 1047 2034 sumptis
1077 1952 1187 2017 multo

129 2031 236 2116 magis
262 2050 366 2116 quam
394 2026 569 2092 Erneslins
589 2038 746 2094 veterum
774 2030 930 2096 codicum
952 2033 1192 2113 auctoritatem

131 2128 184 2182 est
204 2127 356 2197 secutus,
377 2113 427 2180 ita
448 2114 550 2179 etiam
562 2111 794 2199 fragmentum
813 2115 900 2184 illud
920 2140 991 2185 non
1012 2130 1065 2201 est
1081 2142 1180 2188 rusus

129 2201 266 2271 Patricii
286 2198 548 2289 interpolatione
569 2196 769 2300 depravare.

215 2287 352 2355 Erravit
370 2286 472 2352 etiam
489 2286 663 2352 Ernestrus
684 2285 723 2355 in
743 2286 950 2378 explicandis
967 2290 1081 2359 verbis
1095 2290 1179 2360 dum

129 2374 247 2442 sitella
268 2371 442 2459 defertur,
470 2394 573 2460 quem
595 2383 711 2439 tamen
730 2397 905 2462 errorem,
932 2399 954 2442 a
975 2379 1090 2446 multis
1109 2378 1181 2447 aliis

129 2461 365 2542 commissum,
391 2482 434 2526 ne
455 2480 475 2531 a
495 2457 670 2545 proposito
694 2460 842 2532 nimium
867 2463 1003 2533 recedat
1024 2464 1184 2535 disserte·

93 2572 104 2582 “
127 2547 175 2615 tio
195 2557 328 2627 nostra,
350 2556 465 2634 postea
487 2547 664 2633 corrigam.

215 2630 447 2700 Examinandi
474 2631 544 2697 iam
569 2629 692 2719 reliqui
718 2644 796 2698 sunt
821 2631 907 2710 loci,
950 2635 1010 2703 ubi
1038 2637 1184 2710 vertum

128 2719 277 2788 diribere
299 2730 333 2785 et
357 2717 519 2786 diribitor
547 2730 749 2807 usurpatum
778 2719 958 2807 reperitur.
1000 2723 1041 2791 In
1063 2722 1185 2812 quibus

128 2808 287 2872 omnibus
310 2828 389 2872 curn
419 2825 609 2891 numquam
637 2804 865 2871 consentiente
892 2805 1046 2875 codicum
1066 2822 1184 2878 aucto·

126 2893 225 2959 ritate
245 2892 392 2971 nitatur,
421 2902 502 2956 ante
522 2888 638 2954 omnia
657 2890 786 2977 ubique
808 2890 850 2956 de
872 2894 1060 2983 scripturae
1088 2899 1185 2970 veri·

127 2990 195 3047 tate
217 2979 281 3043 erit
300 2974 480 3063 egendum.
522 2974 607 3042 [loci
629 2986 744 3044 autem
766 2975 803 3042 hi
823 2991 919 3046 sunt-r

215 3093 332 3159 Cicero
354 3113 419 3193 pro
440 3088 577 3156 Plancio
599 3089 637 3157 C.
660 3090 722 3160 VI.
751 3092 782 3179 δ.
808 3093 856 3161 14.

214 3180 314 3247 Nam
336 3200 383 3259 rr,
405 3177 694 3267 quotiescumque
712 3181 927 3282 praeteritus
950 3183 1088 3269 eritis,
1120 3189 1185 3277 qui

127 3292 195 3339 noa
225 3262 382 3331 debuerit
408 3262 616 3351 praeteriri,
657 3275 761 3333 torrae
790 3266 957 3355 oportebit
979 3294 1076 3352 eum,
1119 3273 1184 3362 qui

122 3352 246 3445 factus
268 3349 353 3432 erit,
386 3349 625 3416 condemnaris
659 3348 749 3418 sitit
768 3349 842 3419 iam
871 3366 923 3422 est
945 3357 1038 3444 quod
1051 3360 1182 3447 populo

126 3438 358 3543 supplicetur,
389 3435 481 3503 nihil
499 3436 592 3524 quod
612 3434 845 3521 diribitio,
872 3440 960 3508 nihil
1003 3443 1075 3522 uod
1093 3469 1182 3535 sup·

124 3526 271 3618 plicatio
312 3522 607 3614 magistratuum,
658 3526 878 3597 renunciatio
925 3467 1181 3627 suffiagiorum

128 3623 354 3702 exspectetur·
460 3626 463 3631 '

212 3727 307 3798 ldsm
327 3723 455 3792 ibidem
478 3726 516 3792 C.
539 3722 619 3792 XX.
644 3724 675 3813 5.
696 3724 753 3815 49.

124 3860 335 3887 Μ

57 3966 63 3976 .
106 3940 110 3945 ’
151 3933 183 4002 r)
200 3927 242 3982 Ne
268 3927 334 3998 quis
364 3943 412 3982 me
435 3926 570 3999 lgncrare
599 3926 776 4001 suspicetur,
807 3931 877 4002 quid
898 3931 1061 4005 rignliicent
1085 3947 1179 4013 septa,

196 3990 374 4053 monendum
392 4004 446 4060 est,
464 4013 511 4051 me
530 3995 663 4070 proxime
679 4014 716 4080 eq
731 3998 766 4053 de
784 4000 875 4055 verbo
892 4004 1091 4075 expositurum
1109 4018 1181 4065 esse,

195 4065 280 4123 Falsa
294 4073 363 4119 sunt
379 4066 471 4134 enim,
491 4084 564 4138 qnae
582 4083 650 4121 cun
667 4066 716 4120 alu
733 4066 790 4121 viri
807 4067 899 4137 docti,
925 4081 990 4127 tum
1006 4075 1178 4147 nuperrime

195 4135 232 4190 G.
251 4135 285 4191 C.
310 4133 429 4189 Reiiiius
452 4136 609 4210 proposuit
634 4136 662 4189 ln
689 4132 779 4200 libro,
810 4139 891 4192 culus
908 4141 1010 4196 titulus
1028 4152 1081 4198 est:
1115 4143 1177 4198 Ge-

191 4203 317 4329 srhiclqte
341 4203 393 4258 der
416 4202 503 4263 uam.
527 4203 741 4278 Bdrperlrriegs
760 4214 813 4264 etc.
850 4206 948 4267 Berol.
975 4216 1051 4269 1825.
1076 4210 1130 4270 Tb.
1152 4213 1176 4272 l.

193 4293 226 4350 p.
246 4292 273 4329 rr
296 4288 366 4347 ,ιφ
