2640 4748
980 290 1145 370 cxxxnr
1186 264 1187 268 Ἰ

85 471 208 558 habet,
248 483 287 545 ut
313 470 412 540 unica
441 469 600 537 videatur
625 493 745 543 eorum
772 470 1138 544 confi-emare‘senten-
1245 528 1247 531 .

87 561 190 642 tiam,
218 557 275 648 qui
296 552 443 623 enituere
462 568 585 647 putant
605 555 812 637 distribuere
833 573 964 628 notare.
1006 559 1058 623 En
1080 569 1137 620 to·
1164 639 1166 642 y

89 659 164 712 tum
192 645 325 727 locum,
368 644 654 730 quemadmodum
681 645 720 714 in
746 645 826 714 edit.
853 648 936 720 Ern.
972 644 1051 712 Vol·
1074 643 1138 709 IV.

64 806 68 811 ,
90 734 132 802 Ρ.
151 732 193 798 ΙΙ.
216 753 249 819 p.
275 727 369 798 sole
390 730 535 819 scriptus
556 740 683 799 exstat:

174 814 450 903 meutiquam
467 816 620 900 vetandi,
641 839 721 885 cum
736 837 779 883 en
786 814 945 908 feratur,
968 811 1140 904 quamdiu

91 929 156 973 non
169 899 364 1004 perferrem
397 902 569 990 quamdiu
596 903 658 991 qui
677 903 846 994 suffragii
856 902 1008 992 fecundi
1029 924 1140 968 causo

90 999 314 1068 conveniunt,
345 984 414 1052 duc
433 1000 467 1052 et
488 987 573 1055 illuc
593 987 872 1078 transferentem
901 990 987 1056 dum
1002 985 1141 1075 privati

89 1076 231 1155 dieunt3
247 1107 248 1110 ¹
263 1073 351 1141 dum
372 1073 569 1143 tabellae
602 1076 876 1156 diribentur3
919 1076 1003 1143 dum
1020 1071 1163 1138 sitella

91 1160 269 1251 desertum
305 1158 390 1227 dum
417 1173 617 1247 aequantur
645 1173 777 1243 sortes,
804 1164 891 1230 dum
918 1159 1053 1230 sortitio
1067 1155 1140 1248 fit5

93 1259 128 1315 et
153 1249 184 1318 si
204 1269 277 1335 quo
297 1257 381 1313 sunt
401 1244 507 1316 liuius
528 1247 667 1335 generis
687 1247 777 1315 ulia..
889 1310 895 1333 ·.
928 1316 931 1324 ,

166 1335 261 1420 ,Quo
283 1332 391 1419 magis
419 1344 532 1422 pateat
551 1345 675 1417 {sensus
697 1333 893 1421 fragmenti,
930 1331 1024 1423 qued
1042 1329 1144 1401 valde

93 1430 292 1508 corruptum
314 1429 378 1499 est,
421 1419 568 1491 Asconii
587 1419 739 1485 adscribo
759 1421 881 1503 uerba,
923 1416 1144 1510 explicationi
1167 1454 1170 1461 ·

92 1508 169 1579 eins.
189 1503 417 1573 inservientia.
454 1505 498 1569 lIs
516 1505 597 1571 haec
618 1505 735 1571 habete

180 1590 249 1661 His
264 1591 436 1679 peractis,
469 1613 550 1662 cum
570 1589 609 1658 td
630 1591 743 1659 solum
764 1602 938 1678 superest,
970 1600 1011 1656 ut
1030 1610 1145 1676 popu·
1216 1628 1217 1632 =

94 1679 151 1746 lus
182 1677 389 1753 sententiam
403 1675 524 1766 ferat,
564 1677 665 1744 iubet.
691 1699 971 1766 unumquemque
1001 1676 1048 1752 is,
1083 1670 1147 1772 qui
1255 1683 1257 1688 ’

87 1763 168 1849 fert
188 1764 315 1851 legem,
338 1761 531 1848 discedere,-
559 1762 651 1852 quod
671 1761 814 1834 verbum
835 1788 902 1835 non
924 1763 985 1827 ltus
1006 1756 1146 1846 siguifi-

95 1861 172 1932 cot,
204 1849 296 1936 quod
316 1848 353 1913 in
373 1849 548 1916 communi
569 1849 812 1918 consuetudine
834 1860 903 1925 est,
940 1849 982 1914 de
1004 1870 1042 1912 eo
1065 1845 1148 1923 loco,

94 1935 157 2002 ubi
177 1936 233 2002 Iex
245 1931 380 2023 fertur,
401 1934 464 2002 sed
483 1934 576 2003 utin
596 1934 700 2002 suam
722 1936 865 2025 quisque
879 1935 1011 2015 tribum
1031 1931 1147 1999 disce-

95 2023 177 2102 dot,
212 2022 341 2105 inqua
365 2032 417 2089 est
442 2021 657 2116 sufflogium
678 2024 829 2090 loturus.
872 2020 1034 2110 Populus
1054 2017 1148 2082 enim

29 2152 32 2157 -
95 2133 157 2178 con
176 2131 279 2190 usne,
302 2121 343 2174 ut
364 2131 499 2197 semper
523 2111 632 2192 alias,
655 2111 772 2176 itaet
793 2108 1036 2194 inconcione.

183 2195 334 2283 Exponit
363 2196 465 2282 igitur
480 2194 559 2281 isto
591 2192 783 2282 fragmento
813 2193 950 2273 Cicero,
988 2189 1151 2292 quamdiu

96 2281 108 2347 i
134 2305 176 2349 su
192 2282 407 2347 comitiorum
429 2281 484 2346 die
512 2281 613 2349 liceat
633 2280 859 2359 intercedere,
889 2283 1070 2366 quominus
1091 2278 1150 2342 lex

97 2305 139 2434 ai>
162 2389 218 2438 eo,
249 2367 309 2452 qui
332 2378 464 2453 praeest
486 2366 647 2452 comitiis,
678 2365 887 2456 perferatur,
915 2376 1150 2449 memoratque

97 2449 283 2530 nonnulla,
306 2471 391 2534 quae
414 2452 496 2517 dum
517 2453 616 2538 fiant,
651 2453 705 2520 ius
734 2452 965 2523 intercedendi
989 2472 1060 2518 esse
1090 2449 1149 2512 ait.
1211 2514 1219 2535 ,Ι

100 2540 152 2602 Eo
174 2535 295 2616 refert,
322 2538 508 2601 secundum
529 2540 676 2607 Ernestii
697 2539 931 2605 recensionem
958 2534 1151 2622 fragmenti,
1253 2614 1256 2621 Ι

99 2621 315 2712 priuatorum
332 2623 521 2705 conciones,
542 2624 601 2709 qui
620 2626 732 2711 legem
755 2624 922 2689 suadendi
938 2625 996 2689 vel
1018 2625 1152 2688 dissua-
1234 2642 1235 2650 ¹

101 2705 206 2789 dendi
227 2720 325 2774 causa
346 2708 450 2774 verba
470 2707 650 2793 faciebant,
682 2707 882 2794 tabellarum
915 2709 1154 2786 diribitionem,

100 2795 231 2863 sitellae
253 2794 477 2877 delationem,
497 2797 730 2882 aequationem
752 2795 914 2879 sortium,
929 2794 1153 2879 ,sortitionem

100 2885 213 2970 ipsam
236 2892 269 2947 et
288 2882 364 2950 alia.
408 2880 508 2968 Quae
529 2882 643 2947 omnia
664 2895 844 2970 antequam
864 2881 1013 2970 populus
1034 2879 1069 2943 in
1090 2877 1155 2960 tria

100 2971 163 3035 bus
186 2991 271 3050 suas,
293 2968 322 3032 si
343 2980 445 3063 eranty
460 2968 596 3034 comitia
617 2969 752 3053 tributa,
774 2969 946 3041 discedere
966 2966 1152 3047 iuberetur,

99 3056 190 3122 facta
214 3076 303 3135 esse,
325 3053 457 3120 disertis
477 3055 589 3120 verbis
602 3052 789 3122 Asconium
810 3055 982 3121 monuisse
994 3052 1151 3120 vidimus.

185 3142 300 3227 ltaque
321 3139 545 3227 certissimum
570 3153 635 3226 est,
657 3143 761 3208 verba
783 3140 870 3209 dum
892 3139 1041 3208 tabellae
1062 3138 1152 3202 diri-

102 3228 244 3308 ben'tur,
277 3240 362 3295 non*
396 3250 470 3292 osse
490 3228 564 3293 ullo
586 3240 687 3316 pacto
706 3252 748 3294 eo
768 3251 869 3301 sensu
890 3227 1024 3314 accipi,
1050 3244 1153 3310 quern

102 3313 288 3380 Abramius
308 3252 414 3381 venio
435 3314 583 3380 diridere
606 3314 741 3395 subesse
760 3314 894 3396 'statuit,
922 3313 1050 3400 qnippe
1072 3331 1153 3373 cum
1230 3329 1232 3332 ·

101 3400 302 3466 tabellarum
316 3400 371 3465 vel
393 3399 630 3489 suffragiorum
650 3404 922 3466 numerationem
939 3411 1026 3478 ante,
1050 3417 1155 3484 quam

57 3554 61 3559 ,
130 3487 262 3577 opulus
275 3487 314 3551 in
343 3486 449 3551 tribus
471 3510 548 3552 suas
570 3487 755 3557 discederet
783 3484 955 3572 ferretque
981 3480 1153 3570 suffragia,

102 3511 177 3640 deri
200 3595 270 3636 non
294 3572 445 3662 potuisse
467 3582 586 3661 sponte'
606 3573 821 3660 intelligatur.
1261 3581 1263 3584 ’

190 3659 240 3723 At
262 3659 451 3745 castiganda
503 3657 631 3727 rofecto
648 3659 821 3726 ‘editorum
846 3659 1074 3723 recentiorum
1095 3657 1154 3732 so-

104 3745 219 3813 cordia
241 3756 308 3825 est,
336 3744 393 3830 qui
413 3683 501 3810 nihil
519 3747 649 3816 monito
669 3747 794 3814 lectore
815 3745 987 3812 Ciceronis
1009 3741 1155 3810 orationi

104 3833 211 3898 verba
231 3829 380 3896 tabellae
407 3830 602 3914 diribentasr
631 3834 866 3912 inseruerunt,
901 3853 987 3918 quae
1016 3850 1159 3899 emera,

104 3915 242 3987 Petricii
271 3916 464 3982 coniectura
499 3918 650 4004 profecta
680 3931 772 3985 sunt.
828 3916 1012 3983 Inserenda
1040 3927 1154 3979 autem

104 4004 235 4095 putavit
255 4003 430 4080 Patricius,
454 4006 548 4069 cuins
569 4015 684 4070 notum
708 4004 874 4072 Graevius
895 4003 1006 4069 Oratt.
1029 4004 1073 4068 T.
1095 3999 1154 4064 VI.

104 4115 137 4178 p.
162 4093 236 4178 962.
255 4114 305 4179 sq.
337 4112 415 4154 cum
447 4088 628 4155 lectoribus
658 4089 935 4172 communicavit,
962 4098 1153 4176 propterea,

108 4177 198 4265 quod
220 4177 256 4242 in
278 4200 356 4248 suo.
388 4177 507 4255 nteit,
536 4176 687 4259 Asconio
708 4191 786 4244 aune
808 4177 911 4243 verba
931 4175 1017 4242 dum
1041 4173 1156 4239 sitella

63 4332 67 4339 ,
108 4261 275 4354 defertur
295 4261 497 4355 particulam
535 4259 635 4329 diem·
655 4256 769 4330 addito
806 4262 983 4355 asterisco,
1021 4261 1159 4334 lacunae
