2640 4748
141 248 275 300 ccxvi
302 219 304 223 ’

141 408 184 477 do
194 384 339 476 materia
352 418 388 473 et
399 404 511 497 forma
521 396 650 477 sitella's
662 381 913 498 disputavimus,
930 366 1030 476 eliam
1041 372 1188 474 serundo

141 508 177 562 et
195 496 296 581 tectio
317 494 394 563 loco
414 508 501 560 roco
521 496 657 585 citellus
681 517 803 561 urnam
829 496 871 562 ad
893 498 1105 564 sortiendum
1126 497 1210 560 ad·.

49 599 55 611 ⁴
136 582 283 650 'bibitam
311 581 497 647 necessario
524 581 778 668 intelligendam
808 581 944 649 credat?
998 582 1053 648 Ac
1074 582 1188 669 primo

29 744 32 751 Ι
139 668 276 754 quidem
297 666 374 733 looo
395 686 485 752 quac
501 679 586 755 'post
613 669 698 735 dum
719 667 837 735 sitella
861 665 1017 756 defertur
1037 689 1188 754 sequun-

140 767 199 822 tur
218 752 344 830 verba,
381 752 468 819 dum
486 765 832 844 sequestraremus,
867 752 954 821 dum
981 755 1115 820 sortitio
1125 751 1190 842 fit,

80 865 82 869 ·
143 842 219 911 no'n
230 841 351 921 ,sinunt
366 839 532 922 dubitare,
555 863 624 927 quo
642 863 743 906 sensu
755 839 993 906 sitelladebcat
1008 839 1094 906 dicta
1109 862 1189 907 esse.

142 928 279 1013 Quarto
305 927 382 992 loco
407 924 513 993 verba
544 926 792 1005 cistas-deiicit
810 925 1032 1015 patefaciunt,
1050 926 1192 1016 'priori-

144 1014 208 1080 bus
228 1012 383 1079 sitellam
406 1012 535 1081 detulit
555 1036 630 1081 uon
651 1036 750 1104 posse
771 1036 848 1085 ras.
874 1012 914 1080 in
934 1013 1027 1101 quod
1048 1013 1192 1079 tabellae

59 1124 62 1131 ·
146 1098 318 1166 coniectae
345 1099 430 1181 sint,
455 1098 652 1166 indicatum
686 1122 794 1166 csse..
821 1097 915 1186 Quid
942 1100 1038 1166 onim
1071 1120 1193 1166 causae

144 1186 270 1253 afferre
297 1186 453 1277 poleriss
475 1208 537 1255 cur
586 1188 658 1255 rius
685 1206 813 1252 nomon
847 1208 992 1253 numero
1018 1183 1193 1275 singulari,

144 1264 312 1360 posterius
332 1268 457 1361 plurali
476 1208 643 1349 'extulerit
668 1271 829 1362 scriptor,
870 1272 935 1338 nisi
955 1272 1059 1352 hano,
1102 1271 1194 1361 quod

113 1412 116 1419 ,
144 1358 287 1425 tabellas
298 1356 451 1446 pluribus
473 1354 846 1435 continebanturvas'is,
867 1372 975 1425 sortes
995 1380 1077 1424 vero
1098 1357 1194 1424 uno'l

143 1444 245 1512 Unda
265 1443 482 1536 perspicuum¹
502 1456 572 1525 cst,
600 1444 680 1533 quid
700 1443 817 1512 sitella
836 1442 894 1509 hic
923 1444 1042 1513 debeat
1062 1442 1197 1532 signifi·
1234 1470 1236 1479 ·

76 1584 83 1607 ,
145 1554 233 1598 care.
282 1526 467 1597 Caeterum
494 1530 608 1624 inepte
638 1531 675 1598 in
714 1526 915 1597 editionibus
947 1534 1007 1594 ¹ro
1039 1530 1197 1618 sitellam

39 1656 42 1661 <
143 1616 545 1719 nuno‘cigtellcmscribi
567 1640 669 1707 supra
691 1617 909 1686 ostendimus.
942 1552 1078 1685 luititur
1093 1615 1197 1685 etiam

144 1727 227 1774 vera
247 1708 415 1793 scriptura
437 1700 588 1794 plurium
617 1704 804 1791 eorumque
830 1705 939 1772 bonae
966 1714 1080 1793 notua¹
1099 1703 1198 1773 codi-

7 1806 13 1833 ⁴
71 1862 75 1871 ,
133 1810 224 1859 'cum
247 1789 456 1859 auctoritate.
577 1806 581 1813 ’

231 1943 367 2023 Restat,
388 1954 427 2009 ut
447 1964 601 2009 urorum
623 1944 824 2011 admoneam
845 1946 1029 2027 lectorem,
1049 1943 1110 2029 qui
1132 1941 1199 2011 orti

146 2050 192 2092 ex
214 2052 255 2095 eo
277 2042 375 2108 sunt,
409 2029 500 2116 quod
519 2030 638 2107 sitella
666 2031 780 2099 habita
801 2054 859 2099 vas
885 2045 954 2115 est,
986 2032 1115 2117 inquo
1139 2040 1198 2097 ta-

55 2203 59 2211 ·
131 2115 253 2182 ¹bellae
272 2115 433 2182 'collectae
453 2116 532 2207 sint.
554 2150 558 2159 ·

234 2267 369 2336 Primus
390 2283 455 2348 est,
472 2269 567 2358 quod
585 2267 699 2345 Nicol.
722 2269 910 2339 Gracchius
932 2270 973 2337 de
994 2268 1091 2339 Com.
1112 2271 1194 2341 L.I.

148 2355 187 2420 Ο.
209 2354 266 2421 ΠΙ.
298 2379 333 2443 p·
355 2357 432 2424 565.
460 2358 501 2425 F.
532 2369 567 2424 et
594 2355 633 2423 C·
657 2354 718 2423 lv.
739 2378 773 2443 p.
803 2359 879 2426 608.
907 2356 951 2432 D·
974 2358 1027 2425 cd.
1059 2354 1199 2437 Graeva

146 2463 244 2526 quem
267 2441 326 2528 qui
345 2455 463 2531 postea
484 2443 527 2508 do
547 2441 694 2520 comitiis,
713 2445 948 2510 Romanorum
976 2442 1200 2532 scripserunt,

148 2530 266 2623 omnes
288 2528 446 2596 videntur
475 2530 599 2609 secuti,
643 2529 703 2596 ubi
727 2530 952 2619 Rogotorum
975 2528 1064 2619 quod
1092 2528 1199 2599 fuerit
1237 2528 1244 2539 “

106 2693 111 2700 Δ
146 2610 296 2681 officium
318 2615 474 2706 exponit,
496 2626 631 2708 monet:

231 2739 558 2856 Rogatoreseront,
599 2769 639 2836 ui
659 2770 783 2837 cistam
797 2766 1012 2856 deferebant,
1033 2770 1199 2860 inquom
1256 2790 1259 2799 ·

46 2860 54 2875 ’
143 2856 297 2944 populus
321 2856 490 2925 tabellam
512 2793 681 2948 salliogii
699 2854 911 2923 continebat.

235 3008 534 3095 Quemadmodum
550 3021 662 3077 autem
681 3010 747 3075 hoc
761 3011 919 3076 cistarum
935 3007 1199 3099 deferendorum

146 3094 322 3180 negotium
350 3121 395 3162 ex
422 3097 465 3163 iis
496 3109 626 3165 tantum
654 3095 755 3179 locis,
797 3096 835 3161 in
865 3095 985 3185 quibus
1015 3098 1063 3164 de.
1078 3098 1200 3168 sitella

42 3250 46 3256 Ι
87 3219 95 3234 .
147 3180 267 3244 ‹leluto
289 3204 403 3247 sermo
425 3177 726 3273 est,'rogatoribus
746 3182 945 3249 attributum
967 3181 1071 3253 fuisse
1094 3184 1200 3253 colle·

124 3280 126 3285 '
148 3265 212 3349 git,
231 3267 276 3332 ita
299 3289 344 3333 ex
369 3266 496 3360 eisdem
516 3269 553 3335 in
575 3269 718 3336 comitiis
739 3270 871 3338 tributis
893 3293 971 3336 eum
993 3270 1114 3360 ipsum.
1139 3274 1198 3359 qui

149 3353 283 3418 comitia
303 3352 488 3437 habuerit‚·
503 3367 695 3508 rogatorem
723 3356 825 3423 fuism
853 3357 993 3423 unicum
1022 3354 1197 3427 conclusit.

152 3436 232 3523 Qua
255 3438 296 3504 de
317 3463 357 3506 re
380 3443 514 3533 scripsit
569 3440 641 3509 .lI.
664 3440 701 3508 C.
723 3442 786 3510 IV..
808 3466 844 3531 p.
866 3441 941 3509 680.
964 3442 1029 3510 A.:

131 3586 135 3593 ¹
233 3595 364 3683 „Quod
384 3618 467 3662 vero
486 3592 537 3661 'de
557 3586 768 3680 rogatoribus
787 3594 879 3672 dixi,
904 3608 1198 3687 praeter¹1·ogato-
1257 3664 1259 3675 ,

147 3703 222 3745 rem
250 3683 464 3748 comitiorum
491 3704 561 3750 non
587 3680 689 3748 fuisse
720 3682 805 3769 ali-oo
834 3681 985 3748 tribuum
1013 3699 1198 3771 rogatores,

41 3782 69 3828 ·.
146 3767 232 3832 sicut
253 3781 349 3834 erant
369 3773 597 3835 centuriarum
619 3779 791 3854 rogatores
812 3769 948 3857 quidam
968 3770 1003 3835 in
1025 3771 1199 3849 carituris-

144 3853 187 3917 tis
209 3856 360 3936 comitiis,
382 3855 443 3920 hac
459 3867 590 3922 ratione
612 3854 804 3933 confirmari
844 3864 938 3922 otest.
984 3859 1055 3942 Qui
1077 3860 1197 3924 cistam

127 3937 316 4006 'deferebat
338 3938 531 4026 colligendis
555 3941 745 4030 partribus
766 3876 951 4027 sudi-agiis,
977 3956 1119 4030 rogator.
1140 3942 1198 4010 dl-

147 4029 292 4091 cebatur.
337 4027 441 4114 Atqui
470 4049 512 4095 ox
540 4027 653 4093 multis
682 4028 763 4096 locis
792 4053 809 4092 u
837 4043 948 4094 sit-um
980 4047 1043 4101 est.
1078 4035 1199 4098 cistam

146 4110 277 4178 deferre
300 4112 434 4177 solitum
462 4124 541 4178 cunr
567 4114 697 4198 ipsum,
736 4116 795 4201 qui
812 4052 957 4181 liabebat
987 4120 1113 4183 tributa
1137 4140 1201 4182 co-

71 4268 74 4274 ,
146 4197 249 4266 mitia.
298 4199 513 4268 CiceroL'ib.
536 4201 719 4269 1:C.X11.
743 4203 784 4269 ud
808 4203 954 4289 Herem,
979 4206 1021 4271 de
1041 4207 1085 4342 ἕ.
1109 4205 1154 4270 D.
1171 4205 1199 4271 1.
