2634 4748
847 300 849 305 ’
1010 295 1147 349 cxnvn
1259 282 1261 289 '

33 481 36 485 ·
86 453 283 528 iudicarint.
327 450 415 521 Aliis
445 449 557 540 igitur.
572 448 687 517 verbis
707 447 773 518 hoo
802 448 892 519 dicet
913 472 1051 518 necesse
1078 432 1146 522 este
1180 461 1211 528 ,’
1240 464 1242 469 ’

85 540 254 635 (Ῑιιίἅεςο
275 539 362 606 illud
390 550 587 627 exspectem
613 547 767 624 tempus,
802 561 871 626 quo
891 537 1019 604 iudices
1045 540 1089 605 do
1110 555 1146 610 te

85 632 254 701 iudicium
273 627 402 694 faciant
428 625 484 690 vel
506 622 708 702 diiudicent,
754 625 798 691 de
827 648 896 714 quo
924 624 993 690 iam
1022 648 1143 694 ornnes

85 714 304 787 iudicarunt?
352 713 509 799 Ineptum
539 722 651 776 autem
685 710 821 792 fnisset,
887 713 1142 781 raecedentjbm

58 878 61 887 ,
83 804 202 874 verbis
226 824 274 868 an
295 821 357 888 ego
378 807 588 884 exspectem,
613 799 698 864 elam
720 796 849 864 eiusmo
872 797 986 887 1quid
1005 821 1145 886 ponere,
1241 836 1245 843 ·

56 890 60 900 ’
109 915 154 959 uo
175 888 313 956 initium
335 885 450 951 iudicii
471 884 723 966 declararetur,
754 907 833 950 cnm
854 909 924 952 non
945 884 1045 967 illud,
1083 889 1144 954 sed

84 917 165 1046 luia
195 972 441 1062 exspectandus
470 971 531 1054 eit,
568 970 598 1038 ei
619 969 776 1038 iudicum
808 972 989 1040 sententiae
1015 993 1147 1061 cogno.

42 1081 52 1086 ’
85 1088 180 1133 acere
200 1062 369 1131 volumus.
1059 1099 1062 1103 ›

29 1164 31 1171 '
82 1223 87 1229 ,
170 1149 253 1217 Alia
275 1170 295 1212 a
317 1143 504 1212 Garatonio
532 1141 666 1231 prolata
696 1165 796 1210 eausa
824 1143 909 1225 haec
939 1155 1003 1227 est,
1041 1146 1144 1234 quod,

88 1235 119 1304 ai
138 1234 359 1309 diriheantur
389 1233 499 1298 valeat
520 1229 778 1313 ministrentur,
814 1248 952 1298 necesse
977 1231 1034 1313 sit,
1070 1234 1153 1302 tum'

90 1321 208 1391 XXV.
227 1333 361 1388 tantum
382 1318 509 1385 iudices
531 1315 676 1396 fuerint,
711 1316 879 1403 siquidem
900 1343 945 1386 ex
967 1321 1144 1386 communi

29 1414 38 1426 ’
88 1407 251 1501 opinione
271 1407 453 1494 unicuique
473 1400 579 1471 indici
598 1414 666 1468 tres
682 1402 825 1469 tabellae
848 1406 915 1471 sint
935 1408 1047 1486 datae,
1077 1430 1146 1473 una

88 1493 323 1574 damnationis,
347 1492 454 1556 altera
466 1490 507 1556 ad
523 1488 777 1569 absolvendum,
801 1493 899 1568 tertia
914 1493 956 1557 ad
976 1493 1147 1580 amplian-

87 1583 184 1649 dum.
224 1579 462 1645 Incredibilem
488 1589 602 1642 autem
629 1575 725 1643 illam
757 1566 911 1643 indicum
942 1582 1147 1666 paucitatem

88 1690 177 1752 esee,
213 1667 412 1757 praesertim
443 1687 523 1728 cum
551 1683 594 1729 ex
614 1662 721 1728 tribus
750 1664 927 1730 ordinibus
957 1678 1030 1731 tum
1052 1666 1148 1755 seligi

89 1777 164 1823 esee
195 1754 312 1819 solitos
342 1763 488 1826 constet,
524 1748 758 1835 refragariqne
794 1773 911 1816 omnes
940 1749 1147 1840 scriptorum

18 1838 22 1919 J
79 1842 193 1922 locos,
210 1839 248 1906 in
268 1838 387 1927 quibua
410 1839 451 1903 de
470 1835 623 1902 iudicum
643 1854 800 1918 numero,
821 1838 865 1902 ad
886 1836 1049 1904 iudicium
1071 1849 1150 1904 tum

88 1926 254 2017 temporis
276 1925 516 2002 adhibitorum,
539 1919 664 1988 mentio
686 1921 866 1993 iniiciatur.
911 1925 983 1991 cfr.
996 1925 1146 2015 interpp.

88 2014 132 2081 ad
159 2014 294 2095 Cluent.
327 2013 368 2078 C.
397 2009 546 2096 XXVII.
582 2018 615 2072 et
635 2008 679 2073 ad
708 2008 816 2081 Attio.
837 2011 870 2094 1,
918 2011 967 2077 16.
1011 2013 1147 2079 Verum

89 2101 178 2168 hanc
200 2097 357 2187 equidem
381 2098 515 2163 causam
536 2093 622 2160 nihil
650 2107 734 2185 puto
756 2095 893 2174 valere,
930 2119 1008 2165 cum
1029 2099 1147 2188 opinio

87 2187 165 2266 illa,
199 2197 270 2252 tres
291 2185 474 2271 unicuique
503 2180 608 2248 iudici
634 2181 773 2247 tabellas
802 2206 874 2251 esse
897 2180 1007 2266 datae,
1042 2186 1148 2253 solius

90 2279 256 2428 quantum
278 2272 366 2351 acio,
395 2268 533 2337 Asconii
554 2267 667 2333 verbis
688 2268 830 2347 nitatur,
859 2269 903 2336 ad
933 2272 1005 2338 Cic.
1027 2271 1147 2340 Divin.

122 2359 232 2430 ,vlt
256 2357 407 2457 scriptis:
444 2355 488 2424 In
512 2353 784 2421 divinationibus
809 2367 842 2421 et
865 2356 902 2421 in
924 2358 1006 2424 aliie
1032 2358 1169 2426 caucia
1266 2380 1269 2386 ·

31 2450 67 2528 Ἰ
91 2445 283 2515 moritus
311 2443 464 2511 universi
490 2438 623 2507 iudices
651 2440 689 2506 in
718 2442 844 2508 cistam
871 2441 1022 2511 tabellae
1044 2446 1152 2514 timul

89 2531 317 2602 coniiciehant
337 2552 433 2603 auae,
456 2548 583 2614 easque
604 2525 797 2614 inoculptac
817 2529 956 2596 litterae
974 2529 1150 2616 hahentes,
1250 2608 1252 2613 ,

89 2619 131 2690 A
137 2616 377 2685 absolutionis
384 2662 396 2695 ,
431 2611 769 2699 Ccondemnotionia
776 2639 789 2694 3
823 2638 903 2682 cum
925 2618 968 2682 de
996 2617 1151 2687 alicuine

90 2705 207 2796 capite
229 2703 421 2806 agebatur,
443 2699 487 2769 N
503 2704 554 2778 L,
576 2697 833 2789 ampliationis:
850 2700 918 2767 'hie
939 2703 1032 2770 enim
1053 2699 1152 2771 tiaess

90 2793 142 2861 rie
162 2787 416 2881 significabant
435 2811 503 2856 non
526 2785 669 2874 liquere.
711 2786 768 2850 Ex
787 2785 841 2852 hie
860 2786 1005 2856 Asconii
1026 2790 1151 2871 verbis,

92 2890 181 2970 quae
202 2890 352 2943 ceterum
373 2899 418 2940 ne
445 2874 523 2940 satis
544 2871 682 2960 quidem
702 2871 836 2958 integra
857 2875 1032 2961 videntur,
1063 2878 1151 2945 nihil

91 2977 203 3119 potest
231 2963 321 3030 aliud
351 2962 481 3048 colligi,
526 2980 631 3046 quam
660 2959 805 3049 triplicis
840 2962 972 3050 generis
1009 2963 1150 3032 tabellae

111 3073 214 3131 ursae,
236 3051 278 3116 ab
303 3048 469 3116 iudicibus
491 3045 529 3113 in
549 3043 668 3127 cistam
689 3044 874 3128 :coniectae
918 3048 1044 3120 Contra
1068 3051 1151 3150 plu.

93 3162 151 3206 res
172 3137 261 3226 apud
290 3148 424 3202 veteres
450 3135 629 3222 scriptores
658 3131 724 3199 loci
751 3135 990 3225 reperiuntur,
1025 3138 1150 3290 qulbus
1240 3132 1243 3138 ’

93 3248 198 3292 unam
226 3235 359 3291 tantum
386 3221 525 3305 singulis
545 3218 713 3292 iudicibus
741 3221 899 3288 tabellam
930 3247 1003 3289 ease
1048 3237 1151 3306 amm,

94 3311 149 3378 cui
176 3311 305 3376 iudices
333 3308 399 3398 ipsi
426 3302 577 3374 litteram
608 3327 712 3393 quam
749 3308 876 3374 vellent
896 3311 1152 3399 ,insculpserinq

92 3399 194 3488 plane
214 3394 429 3482 significatur.
473 3394 604 3460 Eorum
626 3390 791 3478 quosdam
812 3396 923 3462 attulit
937 3396 1152 3481 Garatoniue,

94 3496 133 3551 ut
154 3483 318 3562 vidimus,
339 3482 376 3548 in
396 3492 466 3548 not.
489 3478 530 3543 ad
552 3479 618 3545 Pie.
640 3477 680 3545 0.
702 3477 782 3543 XL.
889 3488 892 3495 “

88 3594 90 3601 ·
183 3568 364 3635 Difficilior
385 3566 537 3653 quaestio
559 3564 601 3631 de
622 3563 767 3630 Ausonii
796 3566 892 3632 Grat.
917 3567 996 3637 Act.
1019 3591 1055 3657 p.
1077 3571 1152 3657 705.

96 3655 150 3723 ed.
173 3657 283 3737 Tou,
318 3665 352 3718 et
373 3651 570 3742 Symmachi
596 3651 728 3718 Leudd·
754 3653 790 3718 in
820 3652 911 3719 Patr.
938 3654 997 3722 ΙΙΙ.
1034 3676 1066 3743 p.
1097 3655 1153 3725 4ο.

95 3743 150 3810 ed.
170 3741 254 3809 Mai.
273 3740 357 3807 locis
377 3752 437 3807 eet.
480 3740 633 3826 Uterque
650 3737 693 3803 ad
715 3738 857 3805 eandem
872 3734 1152 3809 consuetddinem

95 3831 293 3918 respiciunt,
315 3829 356 3893 ad
378 3826 534 3894 fraudem
551 3825 720 3912 quandam
742 3826 779 3891 in
798 3829 943 3894 comitiis
963 3826 1154 3915 admissam.

95 3919 225 3985 Priorie
248 3916 369 3994 verba,
393 3934 480 4002 quae
496 3913 647 3978 maxime
666 3911 733 3977 huc
745 3915 943 4015 pertinent,
962 3913 1046 3981 haec
1058 3928 1153 3983 eunte
1249 3974 1253 3993 ,

170 4001 292 4106 ‘Nihil
311 4024 391 4071 cum
412 4009 587 4089 sequestre
607 3996 770 4088 deponat,
800 4023 881 4066 cum
901 3999 1080 4070 dirthitore
1100 4003 1155 4070 nil
1256 4032 1259 4038 ·

123 4114 177 4156 er
216 4139 226 4158 .
642 4126 645 4131 ·
743 4142 746 4149 .

95 4112 243 4246 121)ng
266 4176 353 4262 quie
374 4171 508 4239 monuit
529 4168 694 4245 Vinetuee
717 4168 965 4251 '„Diril›itoree
994 4173 1157 4242 diceban-

99 4277 169 4349 tur,
189 4263 250 4352 qui
264 4261 392 4352 populo
412 4260 450 4329 in
468 4269 564 4351 septa
579 4254 781 4350 ingredienti
800 4258 959 4344 tabellae,
981 4273 1020 4328 ut
1040 4263 1158 4350 paullo

727 4365 786 4440 ko
