2634 4748
45 262 48 266 ·
103 216 172 333 ja)
414 236 836 349 x‘rusucusoms
900 178 904 198 ¹
1008 205 1013 214 ’

329 418 356 488 a.
381 419 430 480 so.
842 458 844 462 ,
882 417 978 489 11..

143 505 170 611 ζ.
185 485 333 559 putabatis)
355 486 492 560 putabam
516 486 561 541 bis
693 505 719 543 ι.
734 507 791 542 11011
807 487 870 556 tuis)
887 508 941 541 non
966 499 999 541 tu
1017 509 1080 544 non
1095 490 1170 548 tuis'

161 593 170 610 .
186 558 350 627 indemnati)
368 558 543 611 indemaneti
587 614 590 621 ,
613 565 616 572 ’
693 575 720 612 c.
737 559 766 611 in
783 557 954 627 perpetuum)
981 561 1192 633 imperpetuum

125 648 153 699 p.
176 631 253 680 1312.
550 679 552 682 ,
690 629 719 682 5.
737 627 853 695 amissio)
869 629 972 678 amisso

129 715 170 752 ιι.
186 693 324 760 adstricta)
341 694 477 746 asstricto
591 739 593 746 .
678 713 720 750 ιο.
736 697 861 750 inventus
879 697 917 764 cs)
935 715 963 747 es
982 697 1122 754 inventus

128 768 170 823 13.
187 763 325 836 putabitis)
366 753 494 816 utabatii
577 804 578 809 .
881 766 905 831 5.
929 766 974 816 41.

127 837 170 890 14.
187 833 340 887 consideres
374 834 528 895 consularis
655 898 658 903 ‚
691 849 719 887 α’.
737 833 883 903 abdomini)
902 833 1065 888 abdominio'

327 902 352 968 5.
375 901 420 952 51.
689 921 720 974 7.
736 902 868 967 illonon)
895 921 949 954 non
967 903 1017 955 ille

141 973 170 1026 4.
186 978 215 1024 at
230 969 377 1034 ominibus)
404 978 489 1040 atque
506 969 631 1025 omuibus
857 964 998 1024 c.X11X-.
1049 992 1073 1013 x

28 1051 30 1057 ’
234 1032 238 1047 ’
301 1039 332 1091 C.
362 1036 440 1090 XIV.
681 1042 720 1110 ’9.
739 1041 813 1109 tune)
832 1051 901 1093 tune

23 1108 39 1144 '-
128 1127 169 1166 11.
187 1106 450 1177 admurmuratione)
482 1108 523 1160 ab
552 1129 630 1163 mur-
677 1126 721 1166 11.
736 1111 800 1174 sint)
818 1119 884 1161 sunt

230 1179 387 1230 moratione
529 1234 531 1237 ,
655 1192 670 1211 ='
744 1179 803 1246 cae)
822 1181 875 1230 bae

126 1263 169 1302 11.
184 1256 215 1302 et
230 1245 361 1312 semivivi)
385 1263 419 1297 ac
434 1246 562 1300 semivivi
745 1245 902 1314 conciones)
920 1246 1082 1300 corrisiones

86 1374 89 1381 ἱ
207 1325 210 1332 ’
335 1312 360 1379 5.
383 1315 428 1368 52.
473 1336 477 1343 ’
678 1315 720 1372 15.
737 1335 854 1384 egonon
864 1314 957 1381 modo)
972 1333 1029 1368 non
1041 1321 1192 1394 modoego

114 1386 170 1443 ³6.
189 1383 244 1454 Qui
262 1383 295 1451 si)
315 1385 397 1453 quasi
884 1387 908 1454 5.
922 1384 968 1436 41.
1092 1416 1095 1421 ·

141 1469 169 1524 9.
188 1475 219 1507 ac
238 1449 365 1517 dedecus)
390 1460 443 1505 out
461 1453 579 1507 dedecus
674 1473 703 1526 p.
724 1456 801 1524 1517.

126 1544 169 1578 ιι.
179 1521 277 1592 tantis)
295 1531 408 1574 tantum
692 1524 720 1576 5.
739 1520 834 1589 famae)
848 1519 936 1592 samo

126 1625 130 1631 -
309 1610 327 1642 u
691 1593 718 1643 4.
737 1592 838 1661 aliquo)
865 1590 971 1659 aliquo.
988 1610 1045 1662 quo

115 1661 169 1714 ’15.
187 1659 276 1727 duco)
295 1661 365 1711 dico.
692 1662 718 1713 8.
736 1661 809 1727 vino)
837 1663 867 1712 in
890 1660 955 1712 uiuo

127 1732 169 1784 15.
185 1728 325 1800 privatim)
345 1727 490 1849 prg'gatum
557 1760 559 1764 v
659 1744 663 1750 ·
677 1747 718 1784 11.
735 1730 829 1800 seque)
848 1745 959 1849 1010914ιὲ

24 1853 27 1861 ’
92 1925 93 1928 ¹
124 1885 155 1937 p.
174 1866 254 1919 1515.
332 1798 349 1866 i
618 1904 622 1911 ·
692 1885 719 1920 2.
736 1864 871 1934 suscepta)
884 1798 1022 1934 iuspecto
1083 1858 1087 1865 ⁴

141 1951 168 2006 9·
187 1934 306 2005 quaevis)
324 1936 384 1985 eius
679 1937 719 1992 ’4.
736 1947 802 1989 nota
818 1935 892 2002 iusti)
910 1954 964 1986 non
982 1937 1061 1990 iussu

200 2026 206 2035 ·
261 2003 292 2054 C.
305 2003 375 2062 tXV.
409 2001 433 2069 5.
447 1999 493 2055 54.
860 2003 893 2054 C.
910 2003 989 2055 XIX.

80 2079 99 2127 ,’
141 2089 170 2122 2.
186 2071 316 2138 nostrum)
335 2080 456 2123 oestrum
692 2071 720 2128 ὅ.
761 2071 1012 2142 Karthaginienses)
1047 2077 1184 2146 cartagi-

140 2141 167 2192 5.
187 2140 328 2205 concu'rsu)
354 2155 502 2189 concursus
781 2160 879 2194 nenses

192 2206 287 2276 atque)
306 2226 340 2258 ac
690 2210 718 2265 5.
735 2211 876 2280 illigatum)
894 2208 1036 2279 inligatum

136 2297 167 2347 7.
184 2276 306 2342 Insuber)
326 2278 438 2344 insuper
691 2298 718 2350 9.
737 2279 906 2348 naufragum)
921 2276 1107 2348 naufragium

125 2350 167 2401 15.
184 2345 323 2415 Pompeii)
343 2346 455 2414 pompei
607 2377 612 2383 -
676 2351 717 2402 14.
735 2346 892 2417 Thyestea)
908 2331 1024 2410 tiiiestea

42 2454 48 2461 ι
123 2418 168 2472 16.
200 2414 360 2485 principum)
391 2414 552 2486 principum
585 2411 628 2464 ci·
675 2421 717 2474 15.
734 2416 893 2486 sapientum)
911 2417 1079 2484 sapientium

192 2487 295 2541 vitatis
741 2486 892 2551 moventis)
911 2495 1048 2539 moventes
1143 2495 1146 2511 ¹

98 2612 99 2620 ἵ
254 2598 256 2601 .
322 2555 348 2623 5.
378 2552 423 2607 55.
529 2608 534 2617 ,
610 2557 612 2562 ’
877 2555 901 2622 5.
920 2553 965 2607 44.

23 2648 26 2655 ’
122 2643 151 2696 p·
175 2622 255 2675 1514.
691 2624 718 2677 5.
736 2623 834 2692 periit)
848 2625 925 2693 perit

124 2695 166 2748 4.
184 2688 283 2764 plebis)
298 2690 407 2743 omittit.
672 2712 702 2765 p.
721 2694 798 2747 1518.
814 2741 816 2744 ,

130 2766 132 2770 ’
329 2762 354 2828 5.
371 2760 418 2823 56.
691 2758 873 2832 mirandum)
886 2757 1040 2830 fraudium

135 2844 166 2882 ¹2.
186 2829 247 2897 civi)
266 2830 311 2881 eui
387 2854 390 2859 ·
743 2850 776 2884 ex
795 2830 836 2898 ea)
855 2848 888 2880 ea
906 2842 943 2880 eu

138 2900 164 2950 4.
179 2916 268 2965 neque
286 2891 372 2961 mult.)
396 2912 445 2946 nec
462 2894 542 2946 mult.
648 2959 651 2965 ⁸
675 2899 717 2953 15.
735 2900 768 2952 ab
788 2896 892 2964 senatu)
921 2894 1022 2949 absens

123 2967 164 3020 ⁴6.
183 2967 347 3032 diribitores)
366 2964 559 3017 distributores
587 3028 589 3033 Ι
741 2968 855 3034 cst).om

273 3036 305 3087 C.
323 3033 400 3087 XVI·
435 3033 460 3102 §a
477 3037 522 3103 370
674 3039 716 3089 141
733 3037 794 3104 Cn.)
813 3052 908 3087 ‘c'nn‘

139 3121 163 3156 1.
179 3101 254 3168 hara)
277 3123 330 3155 ara
673 3109 715 3160 15·
732 3125 765 3158 ex
784 3104 828 3172 ea)
845 3113 873 3155 et
890 3120 924 3152 ex
941 3119 976 3151 eo

141 3191 169 3230 2.
187 3182 221 3226 ex
238 3170 341 3238 schola)
360 3170 456 3223 excole
673 3192 716 3248 17.
732 3173 856 3240 relatum)
880 3171 987 3222 relatae
1057 3204 1063 3210 -

138 3261 164 3314 7.
182 3250 240 3294 crat
257 3240 316 3308 tibi)
334 3250 396 3291 erat
414 3239 454 3291 ibi
807 3244 832 3310 5.
847 3242 891 3293 45.
927 3238 958 3289 C.
980 3235 1048 3291 XX.

81 3306 85 3319 “
330 3309 355 3377 5.
374 3309 420 3362 58.
687 3325 714 3379 9.
730 3310 765 3363 de
789 3307 966 3373 taeterrimis)
985 3307 1143 3359 deterrimis

119 3399 149 3450 p.
169 3378 246 3432 1515.
672 3385 712 3436 15.
730 3381 920 3432 recordatione
938 3377 965 3426 d.
989 3373 1065 3445 ipsa)
1084 3393 1176 3428 reeor-

134 3452 162 3503 5.
180 3449 300 3501 nondum
318 3444 379 3514 ex.)
397 3464 452 3498 non
469 3448 518 3500 exi
739 3451 881 3527 dationem
900 3448 925 3499 d.
943 3448 954 3496 i
973 3464 1034 3496 sam

137 3535 163 3582 9.
182 3517 315 3585 obtinuit)
334 3518 456 3586 optinuit
870 3518 895 3584 5.
924 3515 970 3565 4.

9 3598 14 3609 “
93 3652 96 3657 ¹
121 3589 162 3640 13.
181 3587 340 3653 gladiorum)
362 3587 554 3656 gladiatorum
685 3586 712 3642 5.
729 3604 784 3641 non
799 3583 920 3652 venerat)
945 3583 1053 3636 veniret

233 3655 264 3705 Ο.
282 3655 376 3707 XVII.
418 3653 443 3720 5
461 3655 506 3722 59.
669 3657 792 3728 911519.

139 3740 163 3775 1.
181 3721 246 3787 tum)
264 3727 321 3775 vim
355 3773 357 3776 ,
383 3763 386 3768 .
671 3727 712 3778 15.
730 3723 872 3790 deturbat)
886 3716 1036 3789 perturbat

136 3809 161 3846 2.
179 3792 282 3859 Paullo)
297 3791 384 3861 paule
401 3788 439 3856 (et
461 3790 499 3841 sic
517 3807 623 3859 semper
659 3837 661 3841 ,
876 3793 902 3859 5.
919 3790 962 3858 47.

225 3879 283 3911 cum
300 3861 388 3929 simpl.
407 3860 509 3926 ltalia)
684 3861 709 3912 6.
728 3861 796 3928 ullo)
815 3861 863 3912 illo

135 3929 162 3981 4.
180 3929 251 3981 enim
275 3931 344 3996 mea)
363 3929 435 3983 enim
452 3931 508 3982 iam
526 3941 587 3982 mea
669 3933 711 3984 15.
728 3931 797 3982 haec
816 3929 865 3995 est)
893 3927 1022 3980 estimes

137 4015 164 4067 9.
181 3996 270 4067 haud)
288 3999 361 4049 itaut
736 3998 832 4065 famae)
855 3996 952 4066 forna.
1090 4062 1096 4071 ἱ

119 4085 147 4135 Ρ.
168 4067 243 4122 1316·
770 4067 818 4118 ‘Co
843 4066 924 4119 XXI·
962 4061 1050 4131 51480

60 4148 64 4158 ·
121 4153 162 4187 ιο.
180 4133 289 4202 amicos)
307 4153 346 4186 an
363 4135 468 4188 amieos
664 4152 693 4208 p.
718 4136 794 4188 1320.
833 4153 836 4159 ·

109 4211 162 4257 '11.
179 4205 383 4274 pudentiorem)
396 4204 604 4275 prudentiorem
684 4222 710 4278 7.
728 4202 860 4275 praedae)
876 4201 1013 4274 praedam
