2634 4748
121 313 217 368 XLV!

120 475 268 546 &neura
290 472 421 542 dicatur
428 472 577 558 sublata,
594 494 673 542 curn
694 496 739 546 ex
759 472 873 544 verbis
895 475 1181 568 praecedants'eus

121 577 224 637 vetus
258 563 322 647 illo
352 562 527 662 neugistra
550 561 698 652 purioris
733 574 770 629 et
800 564 994 632 modestiae
1030 565 1190 654 dilucide,

119 643 244 740 puteal,
266 670 341 725 eam
362 658 494 713 tantum
514 649 669 731 muneris
691 648 837 715 censorii
858 663 1002 740 partem,
1026 673 1113 740 quae
1134 655 1182 725 ad

120 758 258 819 morum
277 734 551 803 aestimationem
566 736 778 825 pertinuerit,
793 738 864 805 aP.
874 738 994 807 clodio
1011 740 1183 809 sublatam

86 825 91 830 ’
120 823 246 891 debere
264 819 418 906 intelligi.
445 852 449 859 ·
994 876 997 881 ,
1132 828 1138 855 ’
1165 834 1172 845 “

190 972 193 977 ,
208 907 459 992 c.X1V.§.55.
482 904 577 974 Mitt
590 903 728 975 medius
737 906 852 998 fidius
862 909 1011 978 intanto
1022 910 1183 980 omnium
1211 922 1213 927 ’

121 994 327 1066 mortalium
345 994 447 1071 odio,
474 993 567 1060 iusto
586 998 794 1082 praesertim
814 1007 849 1067 et
871 996 1014 1080 debito,
1035 998 1185 1091 quiteria
1224 1078 1227 1083 ,

110 1083 213 1176 fuga
230 1082 362 1171 potius,
384 1102 491 1169 quam
513 1080 589 1146 zello
608 1082 789 1166 provincia
810 1095 900 1151 esset
922 1086 1083 1171 optatior.
1138 1116 1142 1137 ι
1226 1088 1229 1098 “

135 1200 138 1205 ’
209 1171 287 1235 Duo
311 1166 431 1257 optimi
453 1179 486 1255 et
499 1165 721 1252 antiquissimi
735 1167 878 1251 codices,
900 1169 1127 1237 Tauriueusis
1143 1182 1180 1239 et

121 1255 330 1334 Vaticanus,
352 1251 513 1320 omittunt
533 1253 733 1340 particulam
749 1255 888 1342 potius,
910 1279 1012 1344 quam
1034 1258 1085 1324 uti
1107 1280 1183 1335 non
1231 1326 1234 1331 ,

120 1342 238 1409 nescio
262 1364 281 1405 a
304 1339 467 1405 Cicerone
494 1362 741 1427 nonnunquam
766 1341 977 1411 abundanter
997 1343 1096 1429 addi,
1132 1345 1180 1413 ita

120 1428 214 1496 i'dem
242 1425 392 1493 intellexi
419 1426 552 1514 saepius
582 1450 602 1491 a
630 1428 868 1513 glossatoribus
896 1431 1064 1497 insertam
1092 1454 1177 1499 esse.

121 1515 192 1583 etc.
204 1536 292 1600 quae
308 1513 377 1578 dixi
391 1535 505 1602 supra
534 1512 612 1578 Hoc
624 1525 736 1590 autem
752 1516 826 1601 loco
844 1539 885 1580 eo
903 1519 1018 1583 minus
1031 1516 1177 1586 dubitari

122 1602 236 1681 debet,
259 1600 340 1689 quin
362 1601 404 1667 sit
425 1597 590 1681 insititia,
606 1620 673 1684 quo
695 1601 832 1686 gravior
849 1602 1033 1691 'utriusque
1054 1603 1178 1672 codicia

121 1690 304 1757 donsensus
327 1696 386 1752 est.
429 1684 502 1769 Qui
516 1707 743 1774 quamquam·
758 1709 827 1753 non
848 1706 927 1754 raro
948 1713 969 1754 a
990 1713 1026 1756 se
1045 1690 1180 1758 dissen-

119 1776 227 1856 tiunt,
248 1787 363 1839 tamen
385 1772 539 1858 quotiens
559 1772 652 1837 idern
673 1777 818 1860 uterque
838 1778 985 1842 verbum
1006 1778 1183 1859 omittunt,

120 1850 243 1932 ibtiens
272 1860 334 1923 soli
361 1858 529 1947 integram
550 1858 723 1947 Ciceronis
750 1883 894 1927 manum
921 1886 1073 1929 servasse
1097 1875 1180 1931 sunt

122 1945 347 2017 existimandi.
396 1946 510 2030 ltaque
538 1949 774 2011 auctoritatem
803 1952 922 2015 eorum
950 1963 1089 2016 secutus
1107 1952 1180 2017 iam

122 2030 274 2103 Orellius
297 2042 346 2096 est
365 2031 403 2096 in
421 2032 534 2107 ,tribus
555 2033 706 2119 reliquis·
720 2033 818 2115 lucis,
850 2036 909 2101 ubi
930 2035 993 2101 soli
1015 2040 1180 2103 omittunt

120 2122 238 2198 rerba,
261 2140 348 2206 quae
365 2118 402 2183 in
417 2119 534 2184 ceteris
554 2119 727 2184 codicibus
738 2120 894 2185 omnibus
908 2125 1033 2210 scripta
1046 2134 1175 2188 extant.
1259 2122 1265 2137 ¹

123 2209 301 2279 Omittunt·
315 2217 428 2271 autern
451 2206 489 2271 C.
511 2202 589 2273 XV.
614 2207 643 2291 ἕ.
667 2206 720 2271 54.
740 2210 870 2294 populo
890 2210 1065 2290 Romano,
1088 2228 1175 2294 quae

120 2296 227 2362 verbe
253 2291 364 2357 adbuc
391 2293 479 2357 inter
499 2293 728 2360 consentiente
753 2304 788 2357 et
807 2307 915 2382 atque,
934 2296 1059 2360 inserta
1079 2294 1181 2381 lege-.

120 2384 262 2458 bantur3
283 2381 323 2445 C.
338 2379 418 2444 XX.
443 2383 474 2464 ς.
490 2377 543 2444 48.
566 2380 631 2462 tui,
655 2377 743 2465 quod
764 2388 954 2466 pronomen
974 2381 1076 2467 vulgo
1097 2389 1186 2469 post.

122 2467 232 2536 cimici
253 2477 286 2530 te
307 2466 460 2530 additum
484 2477 553 2545 est3
577 2477 610 2530 et
633 2465 670 2530 C.
683 2465 831 2533 XXVll.
855 2470 886 2556 §ss
899 2466 953 2535 65.
967 2476 1060 2561 sunt,
1082 2468 1177 2556 quod·

5 2567 25 2599 ·'
70 2596 73 2601 -
120 2554 286 2645 abripturn
308 2563 477 2618 eratante
500 2563 606 2639 atque
628 2553 792 2642 ineptiae.

209 2639 275 2705 Sed
303 2641 491 2715 eorundem
513 2638 667 2720 codicum
688 2663 708 2704 a
730 2661 766 2703 se
789 2636 1058 2706 dissentientium
1078 2638 1181 2726 longe
1240 2628 1246 2651 '

120 2727 231 2809 levior
254 2738 302 2790 est
323 2726 509 2792 auctoritas.
561 2727 661 2792 Certe
683 2727 867 2792 Vaticanus
896 2724 925 2789 si
953 2728 1046 2792 solus
1074 2728 1181 2811 addit,

121 2812 210 2917 quae
231 2812 351 2901 reliqui
373 2815 534 2878 omittunt
555 2813 696 2888 codices,
719 2811 898 2898 diligenter
912 2812 1109 2890 videndum,
1133 2836 1179 2880 ne

122 2901 240 2989 spuria
263 2904 368 2967 verba
390 2899 521 2964 offerat.
566 2901 617 2965 Ita
639 2911 756 2986 aperte
782 2896 921 2965 insititia
948 2900 1055 2966 verba
1076 2902 1180 2969 babet
1239 2932 1242 2939 ·

121 2990 175 3057 his
197 2988 290 3052 loeis.
1015 2998 1023 3023 '
1069 2998 1071 3002 “
1121 3042 1129 3055 ,

87 3090 92 3099 ’
210 3074 250 3138 C.
280 3069 429 3136 XXVlI.
461 3071 492 3155 §.
523 3067 575 3134 64.
613 3068 730 3136 videre
763 3070 898 3159 equites
927 3069 1085 3136 Romani
1111 3094 1199 3137 ηοη1

31 3208 35 3213 -
116 3166 265 3254 possunt
290 3155 441 3221 additum
468 3156 586 3236 habet,
629 3158 720 3244 quod
747 3159 820 3224 siue
849 3157 952 3222 dubio
982 3179 1085 3246 super
1103 3182 1179 3241 xmm

119 3255 264 3339 possunt
287 3244 551 3331 eratseriptum,
575 3256 653 3308 ante
672 3243 731 3309 iila
751 3245 855 3310 verba
878 3245 1010 3312 nolunt.
1185 3284 1188 3289 ,

138 3354 142 3361 ·
168 3328 172 3338 ’
212 3333 250 3396 C.
261 3329 386 3396 XXIII.
407 3331 436 3414 ς
448 3328 499 3403 54.
530 3331 607 3395 Scio
617 3331 755 3395 item—
773 3329 815 3412 Q
827 3330 1015 3403 Marcium,
1029 3351 1178 3416 quorum

123 3432 165 3489 tu
185 3419 383 3508 legatorum
401 3417 534 3504 proelio
554 3419 744 3506 imperator
765 3443 788 3482 n
810 3417 964 3506 peilatus
986 3438 1075 3494 eros,
1098 3437 1181 3484 cum

121 3508 181 3576 lon
209 3529 226 3569 e
249 3502 410 3590 afuisset,
433 3503 586 3570 adventu
607 3507 674 3569 isto
696 3517 755 3571 tuo
800 3503 870 3570 omi
881 3500 1002 3591 suisne
1019 3502 1180 3589 otiosum,

123 3578 169 3661 ad
192 3595 217 3658 it
240 3601 321 3676 post¹
334 3589 529 3681 legatorum
550 3612 655 3675 opero
677 3590 725 3655 in.
829 3587 832 3592 ’
896 3674 898 3680 ,

214 3678 312 3765 Qquaq
332 3678 439 3742 verba
459 3699 536 3741 cum
561 3675 765 3742 Garatonius
786 3674 856 3741 iarn
879 3685 912 3740 et
928 3672 1079 3740 Orellius
1106 3694 1181 3740 non

126 3766 199 3834 esse
220 3765 416 3831 a,Cicerone
438 3766 564 3851 scripta
585 3762 828 3841 intellexerint,
851 3785 919 3827 non
942 3759 1098 3848 estquod
1116 3783 1180 3850 ego
1248 3830 1251 3837 ,

125 3852 168 3919 de
189 3851 305 3937 inepto
327 3873 446 3926 sensu,
469 3852 526 3936 qui
545 3847 665 3915 additis
686 3849 728 3914 iis
751 3849 899 3922 oriatur,
921 3860 1092 3938 moneam.

212 3937 306 4003 Idem
328 3937 513 4003 Vaticanus
542 3958 621 4000 cum
651 3935 726 4002 aliis
754 3936 924 4001 nonnullis
946 3935 1179 4005 codicibus·C.

124 4022 252 4093 XXVI.
275 4024 304 4110 §.
328 4023 380 4087 62.
403 4034 479 4091 ante
502 4025 645 4093 laurenc
666 4020 759 4087 addit
781 4044 944 4100 coronae,
975 4023 1065 4110 quod
1088 4034 1182 4091 recte

126 4111 271 4178 editores
293 4112 496 4176 recentiores
517 4109 667 4196 recipere
688 4120 897 4184 recusarunt,
922 4119 956 4173 et
978 4111 1017 4174 C.
1038 4109 1122 4176 XV.
1147 4110 1180 4196 ς.

125 4196 168 4218 ””
287 4193 294 4202 ’
329 4208 556 4283 pertemptas
578 4193 744 4269 tribunos,
765 4195 855 4282 quod
877 4195 1060 4279 Asconius,
1081 4197 1181 4263 Tau-

338 4280 379 4351 ri.
402 4282 569 4370 multique
595 4282 653 4348 atii
678 4282 806 4373 optimo
826 4282 1002 4364 omittunt,
1031 4304 1113 4348 oum
1131 4304 1196 4348 ex·
