2634 4748
396 360 399 369 Ι
1034 290 1127 342 onir

1104 381 1108 411 ῑ
1164 366 1198 427 ‘i

166 444 256 512 Tres
277 455 409 514 tantum
428 445 574 535 reliqui..
604 467 669 537 pro
690 445 805 516 Plano.
828 446 875 515 G.
888 433 962 530 Vi,
1000 450 1128 540 Appul.

77 531 221 683 Mebm
252 533 299 616 ll,
343 534 412 617 52„
453 545 486 600 et
513 531 600 606 Ptin.
627 534 717 603 Hist.
752 535 1031 622 Nat-XXXVI,
1079 538 1129 603 152

79 641 137 683 am
161 621 171 683 i
195 618 231 684 ui
255 629 343 685 sunt.

164 642 209 770 Ign‘
226 716 309 772 orat.
336 704 453 771 Plano.
476 703 514 772 Ο.
536 703 624 777 ΧΧ.,
637 704 670 794 §.
694 704 748 794 49.
776 704 891 773 adhue
913 709 951 776 ln
972 705 1142 791 editioni-⁵?
1177 740 1178 757 .
1207 746 1212 753 ·

81 789 144 857 bus
162 790 321 858 omnibus
341 789 507 880 scriptum
527 802 596 858 este
940 848 945 857 ,

170 880 325 945 Venetae
337 877 469 949 tribusr
487 874 849 969 Iatumsuffiogiumr
869 875 1131 968 descriptae,
1180 928 1191 941 ,,

78 963 323 1030 renunciatoe:
345 963 445 1051 longe
462 960 659 1054 pidrimum
679 963 794 1031 valuit
814 962 997 1031 Plancius.

165 1049 338 1115 Mirabilia
359 1049 476 1114 auditu
496 1063 589 1129 sunt,
621 1072 708 1138 quae
727 1050 905 1117 Ernestius
926 1059 961 1116 et
983 1050 1131 1118 Gareto⁴
1174 1114 1176 1123 ,
1228 1126 1231 1132 ,

79 1135 157 1200 nius
177 1135 280 1202 huus
302 1135 509 1226 explanandi
525 1135 592 1202 looi
606 1157 706 1202 musa
727 1136 942 1204 adnotarunt.
983 1133 1133 1203 Ernestii

66 1222 125 1288 “ad
149 1221 184 1286 h.
204 1221 320 1287 locum
342 1222 447 1288 verba
466 1221 552 1287 haee
572 1232 665 1286 sunt:
853 1287 855 1292 ,

106 1346 123 1386 χ
167 1306 420 1395 ‚‚Descriptue]
482 1306 641 1395 Propria·
659 1305 802 1374 debebat
836 1330 908 1375 esse
943 1306 1133 1386 deserite,

83 1392 155 1460 soil.
177 1392 351 1481 suffragia,
379 1415 464 1478 oum!
477 1394 543 1459 lata
566 1403 684 1469 essent.
727 1393 793 1459 Sed
815 1395 928 1462 retulit
948 1393 992 1472 ad
1013 1329 1133 1460 tribus.
1204 1432 1214 1458 t

81 1481 157 1548 MS.
179 1477 252 1546 Eri.
273 1479 455 1558 diribitae,
492 1489 655 1568 utsupra
684 1476 840 1548 diribitio
865 1502 930 1570 pro
952 1479 1134 1547 diremtio.-

83 1579 118 1717 edt
139 1565 392 1692 poterat‘etiam
413 1565 468 1634 hio
495 1565 609 1633 dicere
630 1564 819 1634 diremtum
855 1565 913 1632 sed
940 1565 1149 1656 descriptae.

81 1653 174 1718 iem
196 1659 273 1717 est‘
1013 1712 1019 1727 .

170 1739 267 1804 Idem
290 1737 327 1805 in
348 1738 443 1808 Olar.
466 1737 537 1805 Cio.
561 1735 625 1805 snb
646 1758 689 1807 v.
703 1735 894 1827 discriptus
914 1735 1067 1802 monuiu
1094 1732 1095 1737 ’

171 1823 319 1904 „Plane
346 1845 399 1892 20.
441 1823 538 1894 Nihil
562 1823 618 1891 hie
642 1824 855 1914 interpretes.
898 1824 929 1891 E
957 1820 1030 1887 ood.
1059 1819 1134 1891 Eri.
1178 1829 1181 1835 '

85 1922 179 1976 notat
209 1909 376 1978 Graevius
411 1909 584 1979 diribitae.
635 1909 702 1976 Sed
738 1931 778 1977 ea
808 1907 906 1976 lectio
943 1908 1043 1996 nihili
1072 1918 1134 1975 est.
1189 1976 1191 1980 Α

10 2024 13 2035 ·
85 1995 253 2064 Diribitio
272 1997 364 2063 enim
383 1994 531 2064 refertur
558 1995 600 2063 ad
620 1996 823 2065 tabellarum
835 1995 1136 2065 distributionem
1196 2064 1201 2076 .

87 2084 167 2170 quid
189 2094 302 2149 autem
327 2081 482 2152 diribitio
506 2095 587 2174 post
614 2083 773 2174 suffragia
799 2081 893 2151 lata?
938 2081 1137 2183 Cogitabam

84 2168 264 2235 elinando
293 2153 482 2238 direnitoez
526 2193 571 2238 ex
621 2194 666 2238 uo
703 2169 781 2237 fieri
813 2169 924 2260 potuit
958 2167 1134 2237 diribitae.

84 2193 153 2321 sed
183 2255 376 2346 descriptae
406 2257 507 2323 etiam
538 2280 607 2346 exp
624 2256 704 2323 ‘cari
727 2267 846 2347 potest
891 2258 1028 2356 Nempe
1084 2266 1136 2322 ost
1189 2251 1196 2271 ¹
1248 2305 1262 2332 Κ

83 2341 334 2433 leta'suffragia
355 2353 389 2409 et
409 2341 568 2426 diremta,
622 2343 731 2408 unctis
746 2340 950 2409 notabantur
977 2363 1015 2406 1n
1036 2352 1070 2406 ta
1095 2365 1137 2406 u-

83 2428 144 2510 lis,
168 2425 258 2492 unde
274 2440 447 2517 punctum
468 2451 532 2517 pro
553 2365 736 2532 suffugio.
756 2451 789 2495 v.
838 2425 989 2496 unarum.
1011 2426 1047 2494 id
1070 2426 1141 2521 dici¹
1186 2448 1224 2474 ·‘
1293 2471 1295 2475 ,

87 2512 265 2580 commode
286 2536 385 2602 posse
408 2527 535 2664 instem
556 2515 667 2582 tribus
688 2513 802 2582 deseri
823 2536 890 2583 ere.
934 2513 1139 2582 Describere

88 2599 154 2664 dici
174 2597 295 2686 proin
321 2598 407 2667 tabu

422 2620 462 2664 as
483 2597 632 2688 referre,
667 2601 764 2666 docet
792 2598 966 2687 Schulting
986 2599 1026 2664 ad
1058 2600 1139 2668 Cal-

85 2708 190 2777 purn.
211 2683 366 2752 Declam.
388 2685 571 2753 subiectam
594 2685 849 2775 Quinctilianeis
869 2708 903 2786 p.
926 2683 1031 2774 79lu“

131 2768 137 2787 “
174 2770 373 2839 Ernestium
402 2784 537 2838 secutus
566 2771 737 2839 simillima
781 2771 899 2837 rotnht
917 2770 1138 2839 Garatoniuss

47 2864 49 2871 ’
175 2856 321 2938 „celeb
348 2848 511 2926 Ernesius
532 2859 569 2928 in
599 2858 671 2925 Iud.
692 2882 728 2949 p.
749 2791 827 2946 ibt).
857 2860 907 2944 (v.
930 2854 1140 2949 descriptus)
1180 2917 1189 2926 .

91 2943 247 3011 diribitae
269 2945 318 3011 ait
338 2945 436 3012 nihili
459 2969 541 3013 esse.
581 2945 648 3012 Sed
676 2946 834 3012 eumdem
860 2968 991 3035 nosque
1021 2944 1139 3012 confer
1199 3014 1201 3019 ⁴

52 3106 55 3111 ,
90 3031 134 3097 ad
156 3054 184 3096 o.
207 3031 241 3098 6.
282 3032 485 3099 Lectionem
513 3032 678 3120 intelliges
707 3054 781 3098 ease
813 3030 993 3120 optimam,
1035 3054 1140 3121 quarn

90 3129 205 3184 tamen
227 3117 342 3184 doetus
362 3119 483 3206 aliquis
504 3119 614 3209 potuit
631 3118 817 3207 antiquitus
836 3117 990 3208 vulgatae
1011 3118 1142 3186 substi-
1230 3128 1233 3133 ’

88 3215 196 3271 tuere.
239 3206 332 3273 Nam
350 3205 486 3271 videtur
505 3206 612 3272 nihilo
633 3228 706 3272 esse
724 3204 841 3288 minue
852 3202 1019 3273 Cicerone
1038 3205 1071 3271 di
1119 3230 1141 3274 a

88 3290 225 3378 vulgata
232 3314 244 3372 3
266 3303 304 3357 ut
326 3293 453 3375 glossa,
475 3292 611 3359 utravis.
625 3291 663 3356 in
685 3313 767 3358 voce
788 3291 842 3367 sit,
862 3289 978 3357 fuoum
998 3294 1078 3380 pulo
1093 3304 1141 3359 ‘re

87 3375 217 3444 fecerit.
259 3375 453 3445 Erfurtensi
473 3376 592 3444 saveoa
614 3375 672 3443 sed
694 3389 784 3444 certo
800 3375 930 3443 tribum
951 3376 1142 3446 describere
1169 3400 1174 3417 ²

90 3461 177 3529 nihil
196 3475 246 3529 est
266 3463 374 3545 aliud,
403 3486 507 3556 quam
527 3463 617 3530 illius
639 3462 748 3530 tribus
769 3462 930 3550 suffragia
960 3463 1141 3532 dirimeret

71 3548 185 3629 funde
205 3571 495 3637 pereonsequens
516 3551 574 3617 illa
595 3547 714 3629 etiam,
742 3571 844 3637 quam
864 3549 939 3614 vult
966 3550 1141 3634 Ernestus,

72 3644 298 3725 *punctorum
326 3635 525 3725 intelligitur
553 3634 756 3702 subnotatio.
809 3635 943 3701 Notum
973 3649 1022 3702 est
1041 3638 1144 3705 ,enim

92 3744 134 3789 ea
154 3719 330 3799 describi.
352 3744 497 3810 quorum
517 3723 553 3789 in
578 3744 654 3789 suas
682 3731 799 3815 partes
820 3743 953 3792 summa
974 3723 1143 3791 tribuitur.
1164 3726 1167 3733 ’

79 3809 143 3874 *Ita
163 3807 202 3875 in
224 3805 367 3874 comitiis
394 3809 543 3896 singulae
563 3810 688 3892 tribus,
734 3819 914 3895 postquam
944 3809 1144 3899 suffragium

92 3895 246 3972 tulerint,
289 3892 547 3975 deseribuntur,
591 3918 671 3962 oum
699 3894 858 3982 suffragia
894 3894 1069 3964 tribulium
1099 3898 1144 3964 ad
1181 3942 1184 3947 -

92 3981 350 4048 candidatorum
385 4002 569 4048 numerum
605 3981 865 4069 dispertiuntur,
911 3995 949 4048 ut
984 3996 1067 4069 quot
1100 3985 1163 4051 ad·

93 4090 264 4155 quemque
284 4067 485 4156 pertineant,
506 4068 639 4155 punctis
660 4079 889 4134 enumeretur.
933 4071 1013 4136 Hoc
1028 4083 1144 4141 autem

92 4156 205 4243 ipsum
221 4167 270 4222 est
283 4153 459 4222 dirimere.
485 4154 652 4222 Dicuntur
661 4156 767 4220 tribus
778 4155 870 4242 ipsae
884 4154 1069 4248 descriptae
1079 4184 1143 4248 pro

91 4239 258 4330 suffragiis
281 4264 418 4329 aarum,
447 4241 546 4331 plene
568 4245 737 4308 utstatim
759 4241 896 4308 eaedem
917 4245 1146 4317 renuuoiotcre
