2640 4748
195 292 322 348 XXXlV

112 510 136 529 ,.
195 465 371 545 praestare
391 453 653 544 plerisque-aliis
674 455 798 542 iudico,
818 457 921 544 quod,
943 457 1051 525 sicubi
1072 456 1251 547 interpre-

169 540 181 574 ⁸
193 543 357 610 tationem
373 543 597 633 Grammatici
617 543 755 633 recepit,
778 542 864 610 nihil
884 556 1059 635 praeterea
1080 545 1118 611 in
1135 545 1254 617 verbis

194 628 425 723 Ciceronianis
442 633 585 696 mutavit
605 642 665 696 aut
686 630 823 706 addidit,
845 652 913 718 quo
935 654 975 696 ea
995 631 1146 719 reliquae
1168 653 1255 699 ora-

134 754 138 763 ·
193 715 278 799 tioui
299 717 622 800 accommodaretur.
667 717 769 802 Quod
791 717 849 782 ubi
869 716 1015 795 factum,
1038 717 1080 782 ab
1103 718 1255 786 editori-

83 860 86 874 ,
130 853 134 863 .
193 801 265 869 bus·
283 800 434 867 nondum
462 800 618 868 fraudem
645 801 816 874 detectam
843 827 933 888 esse,
974 803 1117 890 minime
1148 802 1254 895 debat

187 886 322 963 ,mirum
342 885 465 957 rideri.
760 910 763 917 ·

34 1008 37 1013 ·
128 976 132 1017 :
220 1030 223 1035 .
263 973 384 1053 ,Dedit
402 985 517 1041 autem
537 974 655 1061 glossis
676 973 789 1040 locum
812 973 919 1051 codex
931 971 1006 1043 Eri.
1029 972 1065 1041 in
1079 973 1133 1039 his
1147 975 1249 1045 locist

197 1112 230 1141 ,.
280 1060 468 1145 0.1.§.2.
505 1062 626 1129 Habes
646 1061 771 1151 igitur,
796 1062 943 1144 Tubero,
961 1098 1007 1112 -
1027 1058 1252 1149 confitentem

54 1226 57 1233 Ι
191 1168 319 1229 reum,
353 1145 416 1212 sed
443 1158 563 1217 tamen
589 1148 644 1215 ito
664 1144 897 1235 confitentem,
941 1171 978 1214 se
1006 1144 1044 1216 in
1071 1148 1252 1239 sapone

134 1246 149 1325 ,¹
182 1230 324 1323 fuisse,
347 1255 418 1318 quo
438 1245 490 1315 te,
509 1258 593 1325 >qua
613 1236 730 1307 virum
749 1234 844 1300 omni
863 1233 970 1301 laude
991 1232 1157 1328 dignum,
1176 1257 1251 1325 po-

186 1327 285 1389 'trem
313 1331 427 1386 tunm.
675 1338 677 1354 ¹

231 1469 237 1475 .
269 1404 349 1490 ''Pro
370 1404 452 1483 ito,
467 1404 556 1491 qnod
579 1405 705 1494 recepit
723 1405 918 1489 Ernestius,
948 1405 1065 1474 scribit
1084 1403 1148 1475 boc
1167 1428 1243 1476 oum
1283 1417 1286 1421 ’

99 1550 102 1559 .
174 1486 336 1574 .·Colon.,
369 1487 458 1583 quod
479 1493 744 1582 superscriptum
766 1502 794 1557 a'
809 1493 969 1583 quopiam
993 1516 1083 1571 esse,
1120 1495 1179 1561 vol
1200 1514 1245 1561 ex

191 1578 358 1651 uarietate·
386 1575 573 1665 scripturae
603 1576 778 1665 probabile
806 1578 854 1644 fit.
911 1583 1002 1648 Nam
1029 1579 1117 1646 Pith.
1145 1580 1248 1648 habet

192 1662 296 1744 bunc,
317 1664 447 1732 Dresd,
464 1660 541 1742 bic,
575 1675 609 1730 et
629 1664 714 1732 Brit
738 1689 756 1740 c
777 1662 863 1731 baec
884 1665 948 1733 ita.
991 1666 1125 1755 Reliqui
1148 1665 1248 1753 Brit't'.

146 1749 150 1766 '
193 1764 378 1838 utrumque
405 1748 530 1818 habent
556 1746 619 1814 boc
649 1749 713 1816 ita.
750 1752 869 1817 ,Idem
923 1772 1087 1818 ronomen
1114 1753 1178 1820 boc
1204 1753 1248 1837 ab

76 1847 80 1853 ’
192 1827 379 1926 interprete
400 1839 502 1903 etiam
526 1835 693 1907 insertum
713 1849 798 1927 puto
820 1838 859 1902 Ca
883 1775 942 1904 ill.
965 1842 997 1924 §.
1020 1840 1053 1907 6.
1098 1852 1250 1907 uantum

151 1971 153 1975 -
187 1936 348 2014 potero,
370 1946 453 1990 vore
481 1920 708 2002 contendam,
741 1936 781 1991 nt
803 1925 959 2013 populns
980 1924 1043 1992 boc
1101 1950 1251 1994 omanus

193 2006 388 2078 exandiat.'
419 2008 574 2076 Offendit
595 2008 666 2074 iam
686 2011 900 2099 pronominis
926 2013 1112 2091 collocatio,
1135 2014 1249 2081 verbis

188 2098 345 2187 populns
367 2096 549 2162 Romanus
573 2099 661 2162 male
689 2119 709 2160 a
731 2103 767 2173 se
791 2097 942 2163 invicem
963 2093 1135 2165 distractis.
1179 2098 1248 2163 Cui

194 2182 337 2271 quidem
352 2183 568 2255 incommodo
592 2181 724 2249 mederi
743 2206 938 2271 possemus,
979 2186 1008 2251 si
1030 2182 1244 2268 codicis-Eri.

157 2318 160 2322 -
194 2272 426 2358 sequeremur
440 2271 689 2340 auctoritatem,
712 2264 852 2356 quibos
875 2281 953 2336 ante
969 2267 1245 2360 populnsponit.

21 2366 23 2375 ¹
124 2370 127 2375 ’
195 2354 261 2433 Sed
278 2354 420 2443 -ea‘ipsa
440 2355 533 2422 veria
555 2355 741 2438 collocatio,
764 2368 799 2420 et
824 2355 956 2423 diversa
976 2358 1151 2445 scriptura,
1173 2352 1246 2418 Oo-

194 2439 352 2519 lonienso'
370 2439 448 2518 trie,
480 2454 513 2507 st
538 2436 620 2508 Brit.
643 2443 682 2508 C.
704 2443 801 2507 naec
814 2443 1054 2522 scribentibus,
1082 2440 1185 2524 facit,
1204 2451 1246 2509 ut

78 2600 82 2609 ,
119 2558 122 2563 ·
195 2528 374 2682 interpreti
399 2527 513 2609 deberi
534 2550 734 2618 persuasum
759 2527 913 2596 habeam.
1062 2590 1066 2597 .

88 2631 93 2653 ‘
208 2680 211 2688 ,
311 2615 431 2684 ·VlIl.
463 2619 491 2698 ᾗ.
511 2619 564 2692 24.
602 2614 672 2681 Sed
698 2616 773 2681 iarn
794 2614 856 2684 boc
876 2627 989 2684 totum
1008 2615 1149 2683 omitto:
1182 2637 1250 2705 non

148 2720 152 2733 '
195 2710 284 2783 tam,
306 2714 346 2770 ut
368 2724 410 2769 ne
431 2726 451 2765 o
481 2701 614 2768 endam·
632 2715 695 2768 etc.
997 2700 1000 2707 ’
1136 2776 1147 2788 ⁴
1206 2718 1209 2723 '

285 2787 409 2856 Scribit
463 2789 496 2857 ·f.
517 2814 597 2857 cum
620 2789 692 2856 aliis
709 2813 776 2855 non
793 2796 872 2855 tom
888 2796 1035 2875 propter
1050 2784 1100 2867 id,
1121 2810 1163 2859 ne
1185 2797 1250 2853 eto.

284 2875 325 2941 C.
346 2876 409 2941 IX.
432 2877 463 2960 ς.
487 2877 540 2943 26.
563 2889 637 2962 post
657 2898 680 2938 a
701 2873 827 2961 quibus
849 2873 941 2938 addit
959 2872 1135 2962 partibus,
1158 2872 1251 2960 quod

196 2959 342 3029 verbum
364 2975 453 3026 recte
476 2963 517 3026 ab
540 2961 784 3027 recentioribus
806 2960 987 3027 editoribus
1003 2958 1165 3025 reiectum
1188 2970 1250 3024 est.

285 3045 417 3111 Omitto
439 3048 481 3112 de
502 3047 574 3113 aliis
597 3049 709 3113 dicere
730 3047 823 3122 locis,
847 3048 883 3113 in
906 3045 1026 3134 quibus
1047 3069 1107 3111 sua
1128 3059 1249 3133 sponte

199 3132 341 3221 quisque
366 3130 640 3222 interpolationes
662 3144 831 3221 agnoscat.
873 3134 986 3201 Placet
1009 3155 1115 3198 unum
1136 3132 1249 3199 adhuc

198 3240 469 3284 commemorare
489 3221 615 3296 locum,
641 3222 674 3284 in
699 3244 776 3308 quo,
800 3219 878 3285 licet
897 3221 1079 3306 genuinam
1102 3218 1249 3304 scriptu·

95 3384 98 3389 ,
180 3329 272 3387 ,ram
299 3326 368 3369 non
396 3306 556 3389 praebeat
583 3307 692 3374 codex
713 3316 847 3388 noster,
890 3319 1005 3374 tamen
1024 3304 1185 3396 proxime
1206 3302 1248 3371 ad

198 3413 276 3458 oum
297 3389 433 3458 accedit.

208 3518 210 3523 -
285 3475 325 3541 C.
343 3478 388 3543 V.
412 3477 443 3562 §
466 3479 517 3546 16.
554 3476 625 3545 sect
647 3490 765 3544 tamen
787 3474 891 3544 alind
912 3486 964 3541 est
984 3498 1102 3543 errore
1124 3475 1249 3545 Caesa,

199 3586 272 3632 rem
293 3563 393 3644 nolle,
410 3563 512 3630 alind
526 3565 615 3632 nolle
632 3564 799 3641 misereri,
831 3566 920 3631 Tum
938 3561 1088 3628 diceres.-
1111 3564 1251 3644 Caesar,

198 3673 295 3726 cave,
317 3650 460 3715 credes:
474 3650 554 3739 snit
576 3650 613 3717 in
635 3649 780 3738 Africa:
803 3650 886 3716 tulit
908 3666 1011 3715 orma
1032 3660 1152 3735 contra
1172 3658 1220 3717 te.

262 3739 439 3826 ‘Ineptam
460 3738 660 3826 particulam
685 3749 760 3802 tum
783 3759 863 3818 esse,
885 3736 1013 3805 mirum
1033 3747 1083 3800 est
1104 3757 1172 3815 nou
1194 3735 1254 3801 iu-

200 3823 369 3891 tellexisse
389 3825 597 3905 Ernestium,
620 3824 688 3910 qui,
711 3847 790 3891 cum
813 3836 910 3888 antea
932 3822 1029 3888 tuin
1052 3820 1253 3888 editionibus

200 3909 366 3999 scriptum
388 3922 484 3992 esset,
501 3911 587 3977 hanc
607 3911 715 3995 ipsam
738 3911 923 3977 revocavit·
967 3908 1059 3976 Nolo
1081 3919 1195 3972 tamen
1215 3908 1254 3973 in

199 4005 241 4062 tn
262 3993 396 4076 mutari,
418 4021 494 4062 cum
512 3998 596 4079 Erf,
614 3997 713 4072 Pius,
736 4008 769 4061 et
781 3996 879 4063 Britt.
897 3998 937 4074 C,
958 4020 987 4075 ς,
1007 4018 1039 4084 χ,
1060 4006 1092 4060 et
1113 4005 1255 4080 ortano,

39 4116 44 4125 =
117 4110 120 4115 ⁴
200 4081 258 4147 atii
278 4091 354 4147 turn
368 4084 561 4169 praebeant.
595 4082 661 4150 Sed
678 4083 846 4149 debebant
860 4084 1004 4149 editores
1020 4105 1066 4146 ex
1083 4081 1253 4167 scriptura

198 4180 282 4234 tnnc
302 4168 439 4247 elicere,
479 4170 569 4257 quod
598 4169 794 4256 saepissime
813 4169 917 4235 modo
938 4167 975 4234 in
997 4179 1073 4234 tum
1095 4167 1198 4235 modo
1216 4166 1253 4233 in
1278 4220 1281 4226 .

144 4324 147 4329 ,
198 4264 282 4320 tnnc
304 4266 470 4322 mutatum
493 4267 553 4343 est,
572 4255 714 4346 Scripsit
731 4256 852 4323 Cicero
879 4256 978 4331 Ταηε
999 4255 1133 4321 diceres
1155 4263 1220 4320 etr.
