2634 4748
1053 269 1150 330 cnut
1207 235 1209 239 ⁵

97 425 338 508 consentiunt„
349 425 443 514 quod
464 425 556 493 cibos
573 424 787 496 scidisse'vel
802 427 1006 520 disposuisse
1022 427 1149 500 dicunt.
1207 514 1209 519 s
1301 489 1305 497 .

96 515 170 584 Alii
198 526 316 580 temen
344 536 415 580 uon
443 513 582 580 scidisse
603 526 751 598 tentum,
779 515 839 581 sed
867 517 1019 585 divisisse
1047 518 1151 585 etiem
1199 527 1201 530 ⁴
1276 548 1279 555 *

95 604 186 669 inter
207 600 368 666 convivas
389 599 501 682 aiunt,
538 612 657 667 contre
703 625 765 668 uos
786 594 923 703 Lipsius
944 616 1091 685 monet,
1113 604 1151 671 id

94 688 212 779 potius·
230 685 296 752 sibi
323 686 431 753 rideri
453 687 652 760 mandatum
679 625 785 755 inisse
813 688 1044 758 diribitoribus
1072 689 1151 774 illis,

59 791 67 805 '
95 788 135 841 ut
156 770 288 839 ferculo
315 794 501 860 puerorum
530 773 686 840 manibus
707 776 805 842 allata
831 778 1010 843 commode
1032 776 1152 866 dispo-

94 871 219 928 nerent
239 871 273 925 et
294 859 506 927 collocarent.
549 860 616 926 Sed
637 861 727 928 nihil
756 863 897 928 adrem
926 886 1040 930 meam
1071 887 1152 953 pers

95 948 197 1029 tinet,
217 956 334 1010 utrum
354 945 530 1013 diviserint
549 947 650 1014 etiam
672 949 773 1015 iuter·
786 950 947 1017 convivas
967 949 1077 1032 cibos,
1106 973 1152 1019 en

95 1031 258 1101 sciderint
276 1042 421 1097 tentum.
464 1032 551 1100 Satis
573 1045 624 1101 est
642 1057 760 1120 nosse,
801 1035 937 1123 scidisse
964 1037 1074 1120 cibos,
1117 1046 1153 1106 et

97 1119 253 1210 aequales
276 1117 477 1188 reddidisse.
792 1133 798 1153 “
988 1125 990 1129 ’

182 1206 256 1273 tam
275 1228 360 1270 vero
382 1206 520 1284 omnia„
541 1217 630 1293 quae
649 1204 760 1272 adhuc
782 1205 824 1272 de
845 1205 945 1290 locis,
967 1207 1006 1276 in
1028 1207 1152 1297 quibus
1245 1274 1255 1295 ,,

99 1289 410 1375 verbum-dinibus
438 1293 585 1379 eiusque.
609 1289 758 1357 derivata
771 1348 773 1353 s
787 1292 899 1383 posite
919 1296 1155 1382 reperiuntur,
1255 1296 1266 1313 ''

100 1375 333 1466 exposuimus,
354 1377 461 1445 multo
477 1376 586 1464 magis
608 1378 715 1444 cuivis
737 1380 1154 1467 approbabunturconsiw

100 1464 225 1532 derectis
249 1464 308 1546 iis,
342 1486 427 1551 quae
455 1463 498 1531 de
520 1464 651 1550 origine
679 1467 776 1531 verbi
796 1466 889 1553 illius
915 1467 985 1536 iam
1008 1466 1153 1539 dicenda¹

97 1562 211 1618 suut:
233 1550 468 1638 compositum
490 1552 661 1618 enim-est
681 1575 727 1618 cx
748 1550 804 1618 dis
830 1564 865 1620 et
885 1551 1010 1620 tatere
1030 1555 1154 1621 eodeni

98 1637 204 1706 modo
222 1648 273 1704 ut
293 1636 458 1704 dirimere
485 1637 613 1704 factum
644 1661 689 1705 ex
718 1637 838 1706 dis‘et
864 1661 998 1707 emere..
1028 1643 1152 1727 Neque

95 1722 252 1792 linerat
273 1723 365 1813 quod
387 1722 528 1803 excidit,
548 1725 656 1791 ullam
672 1724 774 1791 habet
792 1725 1026 1795 offensionem.
1054 1727 1153 1797 Idem
1215 1750 1218 1754 ’

37 1850 40 1854 ¹
96 1811 226 1878 fs‘ctum
246 1812 285 1879 iu
305 1811 411 1879 verbo
424 1807 618 1902 praebere,
631 1811 721 1898 quod
735 1834 855 1880 omnes
873 1813 984 1881 sciunt
1001 1837 1046 1882 ex
1063 1836 1153 1904 prae

98 1908 133 1966 et
153 1896 280 1967 tatere
304 1912 418 1967 ortum
445 1920 528 1965 esse.
570 1898 723 1966 Pertinet
742 1899 810 1966 huc
826 1900 922 1967 eliud
945 1901 1047 1968 etiem
1069 1925 1154 1969 ver·

97 1983 200 2069 bum,
220 1984 316 2052 cuius
338 1984 503 2073 originem
524 1993 628 2053 nenio
650 1987 778 2069 adhuc,
800 1988 1073 2074 quantum-scio,
1093 1989 1154 2055 in-

52 2084 56 2091 “
99 2070 251 2159 degerit,
282 2071 517 2163 debereydico,
546 2073 742 2163 quoditem
766 2096 810 2139 ex
836 2072 890 2139 de.
907 2075 1154 2176 praepositione
1217 2114 1242 2148 4

99 2171 134 2226 et
162 2156 288 2227 tatere
317 2169 464 2238 constet,
499 2159 707 2250 proprieque
736 2160 764 2228 si
788 2159 935 2227 nificavrt
963 2160 1057 2249 quod
1089 2183 1155 2231 nos

100 2243 212 2325 dicere
233 2247 381 2314 solemus
400 2244 603 2334 wegbuben,
631 2268 754 2339 quemn
815 2246 919 2315 edum
946 2248 1065 2322 dcem
1093 2272 1156 2323 ree

98 2333 243 2424 spondet
262 2334 379 2401 nostro
401 2355 575 2437 wegseyn
1224 2352 1227 2361 ·

72 2441 78 2449 ,
105 2428 113 2469 e
184 2421 243 2496 Ex
269 2421 332 2501 iste
357 2416 455 2489 verbi
469 2418 633 2490 deridere
662 2418 795 2507 origine
815 2431 963 2512 apparet
976 2419 1171 2574 propriam·

98 2505 174 2589 eius
192 2508 384 2574 notionem
417 2507 507 2575 hanc
539 2528 612 2576 esse
648 2506 821 2593 debuisse,
873 2522 912 2577 ut
948 2508 1034 2596 sigm
1061 2518 1157 2575 caret
1279 2591 1283 2596 ι

92 2605 220 2686 partes
263 2595 316 2662 rei
360 2595 562 2663 coniunctos
597 2604 656 2659 aut
689 2595 854 2675 confusos
881 2594 1063 2684 seiungere
1096 2594 1157 2676 vel
1256 2596 1260 2600 ⁴

98 2682 301 2834 segregare,
335 2682 433 2755 nobis
458 2679 829 2761 oueeiecnderbalten,
863 2681 1158 2766 quomadmodum

99 2791 139 2834 cc
164 2768 269 2852 ibere,
291 2769 381 2858 quod
400 2768 610 2836 contrarium
623 2779 692 2851 est,
711 2766 1032 2836 zusammenbalten
1050 2779 1154 2841 notat:

100 2856 195 2924 Hinc'
220 2857 434 2957 aptissimum
455 2855 547 2924 illius
573 2853 671 2924 verbi
692 2875 793 2918 usum
821 2851 925 2919 lbisse
955 2853 1155 2942 intelligitur

99 2944 136 3012 in
156 2943 308 3034 *comdiis
334 2942 552 3030 iudiciisque,
589 2964 670 3009 cum
699 2939 741 3005 de
768 2937 982 3028 seiungendis
1005 2938 1155 3008 diversis

98 3028 356 3117 tabellis,·quee
376 3031 413 3096 in
437 3053 545 3098 unam
567 3026 735 3095 coniectae
758 3030 876 3095 cistam
899 3037 1013 3109 erent,
1040 3036 1167 3093 sermo'
1288 3032 1292 3039 ‘

101 3127 202 3186 esset.¹
241 3116 382 3182 Constat
403 3118 496 3183 enim
519 3129 597 3183 tum
616 3115 655 3182 in
683 3114 826 3181 comitiis
854 3128 930 3184 tum
956 3115 995 3181 in
1020 3113 1157 3191 iudiciis
1213 3196 1216 3204 Ι

100 3226 179 3282 eos,
211 3203 283 3291 ¹qui
299 3202 459 3291 suffragia
485 3203 658 3285 ferebant,
698 3201 839 3267 tabellas
867 3200 1011 3269 dirersis
1034 3199 1157 3273 litteris
1184 3250 1192 3263 ,

98 3285 201 3358 inseri
226 3301 277 3355 tas
293 3312 411 3357 omnes
431 3289 468 3356 in
489 3296 593 3356 unem
606 3286 815 3376 eandemque
828 3288 945 3355 cisum
960 3287 1168 3354 coniecisse,-

36 3406 37 3411 ’
101 3312 281 3445 Debeient
307 3377 431 3465 igitur,
465 3387 503 3441 ut
533 3375 657 3465 populi
687 3385 944 3459 cognosceretur
976 3373 1177 3450 sententis„

101 3463 256 3531 diversae
276 3464 360 3530 istae
376 3462 518 3530 tabellae
534 3459 684 3548 seiungi,
707 3483 746 3525 ao
766 3470 818 3525 tot
829 3460 874 3527 -in
895 3459 1026 3526 maiore
1039 3458 1157 3531 tabule

81 3556 228 3640 *puncta
249 3549 372 3629 scribi,
392 3561 475 3636 quot
495 3572 531 3617 v.
553 3570 582 3613 c.
603 3547 642 3614 in
660 3545 808 3614 comitiis
828 3545 1061 3612 consularibus
1082 3543 1158 3615 sin-s

100 3635 174 3724 guli
196 3633 364 3702 candidati
383 3635 518 3702 suffra·
559 3634 649 3702 necti
669 3636 790 3699 essent.
833 3631 943 3700 Simul
964 3642 1077 3697 eutem
1097 3629 1157 3696 in·

99 3723 238 3791 tellectu
265 3732 412 3789 nonest
442 3658 595 3805 diffiido,
626 3719 703 3787 fieri
729 3718 890 3786 facillime
966 3718 1086 3802 tuisse,

99 3809 248 3877 diriberc
269 3817 447 3898 practerea
467 3807 689 3877 distribuendi
703 3807 803 3873 etiam
824 3805 909 3891 sign'
937 3816 1051 3871 cetum
1071 3827 1158 3881 con«,

99 3910 319 3984 sequeretur,
341 3916 419 3960 cum
442 3892 487 3974 ii,
507 3894 566 3982 qui
587 3894 776 3963 diribebaut
795 3893 946 3975 tabellas,
966 3914 1036 3959 non
1057 3901 1157 3970 tene-
1173 3913 1200 3972 J
1274 3976 1285 3987 Ι

100 3996 179 4050 rent
197 4006 306 4070 usque
323 3980 492 4057 manibus,
514 3979 574 4047 scd
591 3983 704 4047 autin
722 3978 853 4045 loculos
869 3976 1158 4046 diversosconie-

101 4069 205 4152 cisse,
228 4081 288 4136 eut
306 4069 364 4150 iis,
387 4068 444 4157 qui
466 4065 600 4156 punctis
620 4067 657 4132 in
674 4065 789 4132 tabule
809 4065 970 4151 suffragia
985 4065 1158 4140 notabant,

100 4157 277 4224 tradidisse
304 4178 375 4222 non
406 4154 535 4243 possint
554 4174 626 4220 non
655 4151 796 4219 censeri.
839 4153 1014 4222 thehent
1041 4158 1157 4217 autent

81 4243 165 4333 'qui
184 4245 342 4329 custodes
369 4253 449 4308 sunt
468 4239 561 4310 dicti.
606 4235 675 4306 Gfr.
697 4236 777 4333 'Cic
806 4252 883 4333 post
908 4237 982 4309 red.
995 4237 1048 4307 in
1076 4237 1156 4305 Sin.
1187 4284 1190 4289 -

735 4362 742 4389 ,
788 4373 791 4379 .
