2634 4748
115 309 118 314 -
176 276 314 327 CXXXI}
950 220 959 253 i

262 433 397 503 Certiae
409 430 571 501 iudicium
583 429 741 502 Abramii
762 443 823 516 est,
844 431 905 522 qni
924 432 969 498 ad
988 431 1082 502 idem
1101 432 1236 511 CXL:

180 547 231 592 or.
252 523 368 588 Pison.
391 519 541 607 scripsit}
1181 526 1210 545 ’“
1268 546 1273 555 ’

264 606 460 696 „Superius
487 605 531 670 ad
562 625 592 667 c.
618 605 668 685 15„
691 614 813 669 eontra
840 603 1053 671 Grucehium
1079 605 1256 673 ostendi.

181 718 274 775 mus,
302 693 531 760 diribitionem
560 688 733 755 fiefi'latis
759 690 828 754 iam
848 713 868 754 a
889 696 1017 781 populo
1048 692 1245 778 suffragiis,

182 796 217 849 et
237 779 384 846 diribere
404 779 493 845 idem
512 799 605 859 esse,
647 787 747 862 atque
775 777 913 842 tabellas
941 778 1166 863 suffragantes
1194 780 1240 846 in·
1308 811 1313 824 ·

183 866 327 936 comitiis
348 889 369 929 a
388 863 634 952 refragantibus
663 884 857 940 secernere,
894 872 1080 952 earumque
1101 865 1240 930 subdu-

183 978 261 1022 cere
283 948 466 1018 rationem:
488 951 536 1015 sic
558 960 592 1012 et
610 946 757 1013 diribere
780 949 918 1016 tabellas
938 952 975 1016 in
995 949 1241 1032 iudiciis,.n0n

183 1041 318 1107 videtur
337 1036 433 1102 idem
453 1059 528 1100 esse
549 1046 647 1120 atque
674 1033 929 1101 subministrare
949 1037 1086 1102 tabellas
1106 1037 1239 1106 iudici·
1309 1092 1312 1099 .

184 1130 266 1207 bus,
288 1145 370 1212 quas
390 1125 427 1190 in
449 1142 572 1187 urnam
594 1119 717 1187 deinde
738 1121 930 1203 conficiant,
955 1127 1014 1189 sed
1035 1123 1129 1191 idem
1151 1113 1238 1203 eise,

186 1227 287 1301 atque
308 1208 462 1275 confecto
482 1208 617 1286 iudicio,
638 1207 779 1292 latisque
798 1210 968 1275 sententiis
988 1209 1127 1276 tabelias
1151 1233 1240 1276 oen-

186 1301 381 1366 demnantes
399 1297 442 1362 ab
463 1294 710 1365 absolventibus
725 1316 895 1383 separare,
917 1307 952 1362 et
967 1319 1087 1364 earnm
1105 1319 1240 1364 nume·

186 1410 264 1455 rum
286 1384 406 1448 inire.“
1000 1427 1002 1432 -

274 1471 376 1536 Errat
397 1462 732 1556 aperte·Abrarnius‚
753 1467 863 1556 quod,
882 1479 921 1534 nt
941 1491 1043 1558 snpra
1064 1467 1240 1536 Graevius

188 1582 252 1627 nos
275 1556 404 1637 docuit,
427 1568 613 1644 -propterea
634 1566 734 1637 negat
757 1553 905 1622 dividere
931 1576 1029 1645 posse
1043 1554 1241 1644 significare
1280 1618 1283 1625 .

191 1643 391 1711 distribuere
407 1642 549 1707 tabelias
569 1639 607 1704 in
628 1640 828 1726 suffragium
846 1641 956 1720 ituris,
972 1640 1057 1729 -qnia
1078 1665 1149 1708 non
1169 1641 1241 1707 mi-

190 1733 349 1799 nistratae
416 1729 499 1816 pulo
528 1726 669 1792 tabellae
697 1728 781 1808 sint,
824 1728 880 1792 sed
918 1729 959 1793 ab
990 1751 1031 1795 eo
1067 1729 1172 1794 domo
1201 1727 1248 1793 in.

190 1817 328 1885 comitia
349 1839 369 1880 a
383 1815 482 1878 latae.
524 1813 613 1877 Eam
635 1813 725 1879 enim
739 1815 944 1882 sententiam
964 1827 1056 1882 recte
1071 1816 1241 1882 Graevius

118 1892 121 1905 ⁸
192 1903 372 1972 absurdam
392 1898 582 1988 appellavit,
603 1899 684 1988 quip
710 1923 729 1964 e
749 1900 804 1967 cni
823 1901 947 1966 diserta
962 1903 1063 1971 etiam
1083 1912 1242 1967 veterum

191 1996 397 2078 scriptorum
420 1986 613 2050 testimonia
644 1923 866 2071 reiragentur.
914 1989 1042 2054 Contra
1069 1986 1256 2076 significa-¹

192 2091 284 2155 tum,
319 2095 421 2159 quem
449 2071 569 2136 tribuit
595 2071 781 2138 Abram'rus
807 2074 913 2140 verbo
940 2072 1109 2155 diribere‚
1149 2073 1241 2138 mate

192 2163 360 2230 tributum
381 2179 471 2242 esse,
506 2157 599 2222 nullo
630 2158 797 2224 Graevius
818 2159 1252 2248 a1·gnment0·comproba-=

194 2249 257 2313 vit.
301 2245 351 2310 At
371 2244 482 2324 enim,
501 2244 632 2330 inquiet
652 2244 858 2327 Creuzerns,
890 2247 1140 2333 gravissimum,
1164 2265 1236 2331 quo

195 2331 352 2403 Abramii
375 2329 542 2396 refutatur
561 2331 997 2418 sententia-argumentum
1017 2332 1239 2422 protu'litlir·

194 2418 326 2490 nestius
342 2417 383 2484 in
403 2417 507 2482 ‘Clau
530 2417 757 2505 Ciceroniana.
798 2420 914 2508 Itaque
935 2421 1112 2488 audiamus
1129 2420 1243 2487 Erne—
1264 2496 1266 2503 ,

194 2507 316 2585 stium,
329 2504 395 2590 'qui
416 2502 478 2567 sub
501 2526 536 2568 v.
558 2503 706 2571 diribere
729 2507 955 2575 haee'babet:

282 2587 579 2671 „DJRIBERE
603 2587 815 2666 distribuere.
836 2593 894 2660 Fr.
906 2593 1010 2659 Corn.
1027 2591 1057 2661 Ἰ.
1078 2590 1166 2658 dum
1186 2601 1249 2656 ta-

195 2679 310 2750 bellae
332 2676 603 2762 dividentur,
621 2681 708 2746 dum
728 2681 837 2748 situla
858 2678 1026 2769 defertur.
1068 2680 1251 2749 Pisonto.

199 2791 247 2836 an
265 2787 332 2856 rego
355 2775 563 2854 exspectem,
596 2764 683 2832 dum
704 2767 748 2831 de
769 2780 803 2834 te
823 2763 981 2844 LXXV.
1004 2762 1156 2833 tabellae
1176 2761 1252 2829 di-

130 2874 137 2885 ·
199 2853 446 2931 rideantur,
467 2849 511 2914 de
536 2875 603 2939 qno
620 2854 693 2918 iam
708 2855 848 2942 pridem
869 2876 983 2919 omnes
1002 2850 1170 2919 mortales
1191 2849 1255 2921 iu-¹

200 2941 419 3009 dicaverunt.
468 2937 620 3022 Uterque
646 2941 741 3006 loeus
772 2939 912 3025 mirifice
937 2937 1067 3021 faciunt
1094 2937 1137 3002 ad
1165 2959 1253 3001 con-

201 3023 397 3093 vellendam
426 3019 582 3088 Abramii
610 3026 826 3106 sententiam,
868 3026 926 3113 qui
957 3025 1002 3090 ad
1030 3024 1066 3091 h.
1094 3024 1117 3088 1.
1145 3034 1179 3088 et
1208 3021 1265 3086 ad-

202 3111 319 3181 Pison.
345 3131 373 3171 c.
398 3109 448 3172 15.
480 3106 668 3197 disputabat
694 3124 810 3179 centra
838 3111 1069 3187 Gracchium,
1101 3107 1254 3194 ditabere

205 3221 277 3263 esse
298 3214 471 3260 secernere
491 3196 683 3287 tuffiagin,
709 3223 795 3287 quae
812 3223 836 3263 a
850 3199 1017 3266 iudicibus
1038 3207 1097 3260 aut
1115 3195 1254 3284 populo,

90 3290 98 3298 ²
205 3306 253 3352 se.
302 3304 340 3345 er
371 3279 527 3363 tabellas,
560 3283 630 3352 iata
659 3285 736 3367 sint
778 3286 870 3352 Nem
899 3285 935 3350 in
966 3284 1081 3372 primo
1111 3281 1255 3348 tabellae

205 3304 348 3437 diriberi
369 3365 530 3434 dicuntur
551 3384 645 3451 ante,
665 3378 766 3457 quain
789 3374 890 3438 sitnia
911 3372 1020 3437 delata
1042 3368 1195 3444 dicatur,
1216 3367 1256 3454 in
1300 3378 1303 3385 '

206 3478 310 3543 quam
330 3452 472 3518 tabellae
491 3456 686 3537 mittentem
705 3459 741 3524 in
762 3461 886 3541 altero,
907 3457 1000 3544 quod
1021 3466 1100 3522 ante
1121 3453 1257 3534 dieitur,

206 3539 356 3610 tabellae
377 3539 585 3625 diribentur,
624 3567 668 3610 sc.
695 3544 861 3612 indicibus
886 3544 1073 3610 sententiae
1092 3539 1256 3615 fervidae

206 3651 328 3709 eausa,
358 3638 395 3692 ut
416 3648 479 3692 nos
499 3651 579 3695 eum
602 3631 752 3698 Gruebio
772 3633 1053 3721 interpretamur,
1086 3627 1120 3693 id
1143 3625 1258 3692 statim

207 3715 329 3781 dieitur
347 3711 517 3782 indicare.
557 3715 597 3780 In
624 3717 701 3783 loeo
722 3717 790 3786 Pis.
817 3717 871 3784 4ο.
896 3719 994 3786 MSS.
1021 3716 1145 3781 babent
1165 3713 1258 3779 diri-

233 3802 367 3952 iafitlur}
390 3823 426 3867 v.
458 3800 585 3869 Graav.
615 3804 659 3870 ad
686 3805 720 3870 b.
747 3804 771 3873 l.
797 3816 831 3871 et
857 3800 937 3875 Ina.
967 3804 1009 3870 ad
1030 3801 1179 3870 Varron.
1212 3799 1266 3884 R,

240 3933 249 3952 ·
316 3931 325 3950 ·
347 3891 408 3951 ὼίί

294 3971 391 4038 Nihil
417 3993 508 4037 nunc
536 3972 648 4041 dicam
676 3975 718 4042 de
744 3977 821 4042 loco
857 4001 902 4043 ex
931 4000 980 4042 or.
1014 3975 1081 4042 Pis.
1112 3974 1151 4040 C.
1179 3971 1262 4039 XLi

208 4061 325 4135 allato,
347 4081 448 4144 quem
465 4070 556 4126 certe
576 4083 647 4126 non
669 4075 786 4130 contra
802 4063 1004 4130 Abramium
1026 4061 1148 4142 facere,
1170 4082 1260 4149 pro-

207 4149 278 4214 lixe
300 4144 504 4209 Garatonius
523 4145 593 4210 iam
615 4147 736 4216 decuit.
782 4148 915 4216 Verum
944 4149 1004 4213 diti
1027 4160 1123 4214 enter
1145 4139 1260 4235 expd-

205 4232 357 4302 nendum
384 4229 426 4296 de
455 4231 512 4299 Fr.
542 4253 593 4298 or.
624 4233 729 4303 Corn.
762 4237 789 4302 1.
819 4247 900 4319 eat,·
931 4170 1027 4325 quod
1042 4236 1090 4302 ita
1117 4253 1261 4300 sanese
