<?xml version="1.0" encoding="UTF-8"?>
<!DOCTYPE html PUBLIC "-//W3C//DTD XHTML 1.0 Transitional//EN"
    "http://www.w3.org/TR/xhtml1/DTD/xhtml1-transitional.dtd">
<html xmlns="http://www.w3.org/1999/xhtml" xml:lang="en" lang="en">
 <head>
  <title>
</title>
<meta http-equiv="Content-Type" content="text/html;charset=utf-8" />
  <meta name='ocr-system' content='tesseract 3.04.00' />
  <meta name='ocr-capabilities' content='ocr_page ocr_carea ocr_par ocr_line ocrx_word'/>
</head>
<body>
  <div class='ocr_page' id='page_1' title='image "./variaelectiones00wundgoog_0165.png"; bbox 0 0 2634 4748; ppageno 0'>
   <div class='ocr_carea' id='block_1_1' title="bbox 179 291 300 345">
    <p class='ocr_par' dir='ltr' id='par_1_1' title="bbox 179 291 300 345">
     <span class='ocr_line' id='line_1_1' title="bbox 179 291 300 345; baseline -0.025 -1"><span class='ocrx_word' id='word_1_1' title='bbox 179 291 300 345; x_wconf 71' lang='grc' dir='ltr'><strong>(ΣΙ-ΧΠ</strong></span> 
     </span>
    </p>
   </div>
   <div class='ocr_carea' id='block_1_2' title="bbox 180 446 1233 624">
    <p class='ocr_par' dir='ltr' id='par_1_2' title="bbox 180 446 1233 624">
     <span class='ocr_line' id='line_1_2' title="bbox 181 446 1233 554; baseline -0.002 -36"><span class='ocrx_word' id='word_1_2' title='bbox 181 451 309 554; x_wconf 61' lang='lat' dir='ltr'>gurim</span> <span class='ocrx_word' id='word_1_3' title='bbox 322 460 424 536; x_wconf 79' lang='lat' dir='ltr'>atque</span> <span class='ocrx_word' id='word_1_4' title='bbox 441 446 596 549; x_wconf 66' lang='lat' dir='ltr'>eistettae</span> <span class='ocrx_word' id='word_1_5' title='bbox 613 449 672 551; x_wconf 75' lang='lat' dir='ltr'>eet</span> <span class='ocrx_word' id='word_1_6' title='bbox 692 448 842 516; x_wconf 63' lang='lat' dir='ltr'>eisteten</span> <span class='ocrx_word' id='word_1_7' title='bbox 858 447 1097 519; x_wconf 71' lang='lat' dir='ltr'>alienissimam</span> <span class='ocrx_word' id='word_1_8' title='bbox 1110 466 1233 537; x_wconf 55' lang='lat' dir='ltr'>seor*</span> 
     </span>
     <span class='ocr_line' id='line_1_3' title="bbox 180 535 1182 624; baseline -0.015 -16"><span class='ocrx_word' id='word_1_9' title='bbox 180 535 300 609; x_wconf 75' lang='lat' dir='ltr'>tiendo</span> <span class='ocrx_word' id='word_1_10' title='bbox 318 558 409 617; x_wconf 85' lang='lat' dir='ltr'>esse,</span> <span class='ocrx_word' id='word_1_11' title='bbox 427 535 546 602; x_wconf 76' lang='lat' dir='ltr'>videre</span> <span class='ocrx_word' id='word_1_12' title='bbox 563 536 718 624; x_wconf 77' lang='lat' dir='ltr'>proclive</span> <span class='ocrx_word' id='word_1_13' title='bbox 737 548 797 603; x_wconf 80' lang='lat' dir='ltr'>est.</span> <span class='ocrx_word' id='word_1_14' title='bbox 847 588 856 597; x_wconf 90' lang='lat'>.</span> <span class='ocrx_word' id='word_1_15' title='bbox 1174 552 1182 561; x_wconf 94' lang='lat'><em>·</em></span> 
     </span>
    </p>
   </div>
   <div class='ocr_carea' id='block_1_3' title="bbox 52 680 1274 1641">
    <p class='ocr_par' dir='ltr' id='par_1_3' title="bbox 52 680 1240 1555">
     <span class='ocr_line' id='line_1_4' title="bbox 268 680 1235 779; baseline -0.005 -17"><span class='ocrx_word' id='word_1_16' title='bbox 268 694 437 763; x_wconf 78' lang='lat' dir='ltr'>Revertor</span> <span class='ocrx_word' id='word_1_17' title='bbox 463 680 507 753; x_wconf 87' lang='lat' dir='ltr'>ad</span> <span class='ocrx_word' id='word_1_18' title='bbox 531 689 690 779; x_wconf 56' lang='lat' dir='ltr'>sitem,</span> <span class='ocrx_word' id='word_1_19' title='bbox 722 711 868 776; x_wconf 77' lang='lat' dir='ltr'>querum</span> <span class='ocrx_word' id='word_1_20' title='bbox 894 688 1039 757; x_wconf 79' lang='lat' dir='ltr'>eandem</span> <span class='ocrx_word' id='word_1_21' title='bbox 1065 699 1102 757; x_wconf 85' lang='lat' dir='ltr'>et</span> <span class='ocrx_word' id='word_1_22' title='bbox 1119 701 1235 756; x_wconf 82' lang='lat' dir='ltr'>mete-</span> 
     </span>
     <span class='ocr_line' id='line_1_5' title="bbox 95 774 1237 861; baseline -0.005 -12"><span class='ocrx_word' id='word_1_23' title='bbox 95 792 101 813; x_wconf 69' lang='lat'>*</span> <span class='ocrx_word' id='word_1_24' title='bbox 182 782 273 848; x_wconf 83' lang='lat' dir='ltr'>riam</span> <span class='ocrx_word' id='word_1_25' title='bbox 293 792 327 846; x_wconf 86' lang='lat' dir='ltr'>et</span> <span class='ocrx_word' id='word_1_26' title='bbox 345 777 492 844; x_wconf 82' lang='lat' dir='ltr'>formam</span> <span class='ocrx_word' id='word_1_27' title='bbox 512 785 613 861; x_wconf 82' lang='lat' dir='ltr'>alque</span> <span class='ocrx_word' id='word_1_28' title='bbox 633 798 805 855; x_wconf 72' lang='lat' dir='ltr'>ornatum</span> <span class='ocrx_word' id='word_1_29' title='bbox 829 788 864 841; x_wconf 86' lang='lat' dir='ltr'>et</span> <span class='ocrx_word' id='word_1_30' title='bbox 889 799 1051 844; x_wconf 79' lang='lat' dir='ltr'>orcarum</span> <span class='ocrx_word' id='word_1_31' title='bbox 1072 799 1146 841; x_wconf 88' lang='lat' dir='ltr'>esse</span> <span class='ocrx_word' id='word_1_32' title='bbox 1167 774 1237 843; x_wconf 88' lang='lat' dir='ltr'>de·</span> 
     </span>
     <span class='ocr_line' id='line_1_6' title="bbox 182 862 1237 1013; baseline -0.009 -77"><span class='ocrx_word' id='word_1_33' title='bbox 182 869 314 949; x_wconf 78' lang='lat' dir='ltr'>baisse,</span> <span class='ocrx_word' id='word_1_34' title='bbox 335 886 379 930; x_wconf 85' lang='lat' dir='ltr'>ex</span> <span class='ocrx_word' id='word_1_35' title='bbox 399 884 441 926; x_wconf 87' lang='lat' dir='ltr'>eo</span> <span class='ocrx_word' id='word_1_36' title='bbox 460 875 616 1013; x_wconf 52' lang='lat' dir='ltr'>afertum</span> <span class='ocrx_word' id='word_1_37' title='bbox 635 862 692 945; x_wconf 80' lang='lat' dir='ltr'>fit,</span> <span class='ocrx_word' id='word_1_38' title='bbox 720 862 812 949; x_wconf 91' lang='lat' dir='ltr'>quod</span> <span class='ocrx_word' id='word_1_39' title='bbox 830 864 869 928; x_wconf 92' lang='lat' dir='ltr'>in</span> <span class='ocrx_word' id='word_1_40' title='bbox 889 862 1033 930; x_wconf 83' lang='lat' dir='ltr'>comitiis</span> <span class='ocrx_word' id='word_1_41' title='bbox 1052 884 1147 929; x_wconf 86' lang='lat' dir='ltr'>nuno</span> <span class='ocrx_word' id='word_1_42' title='bbox 1166 883 1237 928; x_wconf 83' lang='lat' dir='ltr'>ur-</span> 
     </span>
     <span class='ocr_line' id='line_1_7' title="bbox 183 947 1237 1039; baseline -0.009 -16"><span class='ocrx_word' id='word_1_43' title='bbox 183 978 267 1023; x_wconf 82' lang='lat' dir='ltr'>nam</span> <span class='ocrx_word' id='word_1_44' title='bbox 287 974 378 1017; x_wconf 88' lang='lat' dir='ltr'>nune</span> <span class='ocrx_word' id='word_1_45' title='bbox 398 947 480 1014; x_wconf 84' lang='lat' dir='ltr'>sitel</span> <span class='ocrx_word' id='word_1_46' title='bbox 492 972 553 1013; x_wconf 86' lang='lat' dir='ltr'>om</span> <span class='ocrx_word' id='word_1_47' title='bbox 572 947 617 1013; x_wconf 83' lang='lat' dir='ltr'>ad</span> <span class='ocrx_word' id='word_1_48' title='bbox 642 948 854 1015; x_wconf 84' lang='lat' dir='ltr'>sortiendum</span> <span class='ocrx_word' id='word_1_49' title='bbox 874 960 1050 1039; x_wconf 78' lang='lat' dir='ltr'>usmpntss</span> <span class='ocrx_word' id='word_1_50' title='bbox 1068 971 1146 1014; x_wconf 81' lang='lat' dir='ltr'>esse</span> <span class='ocrx_word' id='word_1_51' title='bbox 1168 971 1237 1015; x_wconf 85' lang='lat' dir='ltr'>ve-</span> 
     </span>
     <span class='ocr_line' id='line_1_8' title="bbox 183 1034 1239 1123; baseline -0.004 -18"><span class='ocrx_word' id='word_1_52' title='bbox 183 1053 274 1105; x_wconf 78' lang='lat' dir='ltr'>teres</span> <span class='ocrx_word' id='word_1_53' title='bbox 296 1037 473 1123; x_wconf 80' lang='lat' dir='ltr'>sctiptores</span> <span class='ocrx_word' id='word_1_54' title='bbox 493 1034 641 1101; x_wconf 83' lang='lat' dir='ltr'>tradunt.</span> <span class='ocrx_word' id='word_1_55' title='bbox 682 1037 797 1105; x_wconf 89' lang='lat' dir='ltr'>Nemo</span> <span class='ocrx_word' id='word_1_56' title='bbox 821 1045 934 1101; x_wconf 81' lang='lat' dir='ltr'>entem</span> <span class='ocrx_word' id='word_1_57' title='bbox 955 1036 1108 1111; x_wconf 84' lang='lat' dir='ltr'>animum</span> <span class='ocrx_word' id='word_1_58' title='bbox 1126 1034 1239 1101; x_wconf 88' lang='lat' dir='ltr'>indu-</span> 
     </span>
     <span class='ocr_line' id='line_1_9' title="bbox 182 1110 1239 1209; baseline -0.005 -17"><span class='ocrx_word' id='word_1_59' title='bbox 182 1139 252 1208; x_wconf 75' lang='lat' dir='ltr'>cet,</span> <span class='ocrx_word' id='word_1_60' title='bbox 273 1125 368 1197; x_wconf 82' lang='lat' dir='ltr'>utin</span> <span class='ocrx_word' id='word_1_61' title='bbox 388 1114 508 1186; x_wconf 90' lang='lat' dir='ltr'>iisdem</span> <span class='ocrx_word' id='word_1_62' title='bbox 528 1118 675 1188; x_wconf 80' lang='lat' dir='ltr'>comitiis</span> <span class='ocrx_word' id='word_1_63' title='bbox 695 1120 820 1189; x_wconf 86' lang='lat' dir='ltr'>diversi</span> <span class='ocrx_word' id='word_1_64' title='bbox 837 1115 971 1209; x_wconf 71' lang='lat' dir='ltr'>generis</span> <span class='ocrx_word' id='word_1_65' title='bbox 990 1119 1080 1189; x_wconf 72' lang='lat' dir='ltr'>vnis</span> <span class='ocrx_word' id='word_1_66' title='bbox 1099 1110 1239 1187; x_wconf 80' lang='lat' dir='ltr'>llomu-</span> 
     </span>
     <span class='ocr_line' id='line_1_10' title="bbox 182 1204 1238 1294; baseline -0.006 -15"><span class='ocrx_word' id='word_1_67' title='bbox 182 1232 246 1279; x_wconf 87' lang='lat' dir='ltr'>uos</span> <span class='ocrx_word' id='word_1_68' title='bbox 268 1209 309 1275; x_wconf 81' lang='lat' dir='ltr'>nd</span> <span class='ocrx_word' id='word_1_69' title='bbox 331 1206 540 1274; x_wconf 87' lang='lat' dir='ltr'>sortitionem</span> <span class='ocrx_word' id='word_1_70' title='bbox 560 1228 638 1275; x_wconf 84' lang='lat' dir='ltr'>usos</span> <span class='ocrx_word' id='word_1_71' title='bbox 659 1227 732 1273; x_wconf 83' lang='lat' dir='ltr'>esee</span> <span class='ocrx_word' id='word_1_72' title='bbox 757 1204 887 1288; x_wconf 81' lang='lat' dir='ltr'>credat,</span> <span class='ocrx_word' id='word_1_73' title='bbox 916 1208 994 1274; x_wconf 85' lang='lat' dir='ltr'>licet</span> <span class='ocrx_word' id='word_1_74' title='bbox 1015 1204 1136 1274; x_wconf 80' lang='lat' dir='ltr'>vilidr&#39;s</span> <span class='ocrx_word' id='word_1_75' title='bbox 1156 1204 1238 1294; x_wconf 83' lang='lat' dir='ltr'>quis</span> 
     </span>
     <span class='ocr_line' id='line_1_11' title="bbox 52 1292 1239 1383; baseline -0.003 -23"><span class='ocrx_word' id='word_1_76' title='bbox 52 1334 64 1360; x_wconf 64' lang='lat'><em>0</em></span> <span class='ocrx_word' id='word_1_77' title='bbox 186 1294 380 1365; x_wconf 81' lang='lat' dir='ltr'>autminus</span> <span class='ocrx_word' id='word_1_78' title='bbox 400 1292 547 1381; x_wconf 84' lang='lat' dir='ltr'>pretiose</span> <span class='ocrx_word' id='word_1_79' title='bbox 576 1294 611 1361; x_wconf 90' lang='lat' dir='ltr'>in</span> <span class='ocrx_word' id='word_1_80' title='bbox 633 1292 778 1359; x_wconf 85' lang='lat' dir='ltr'>comitiis</span> <span class='ocrx_word' id='word_1_81' title='bbox 803 1293 938 1360; x_wconf 83' lang='lat' dir='ltr'>tributis</span> <span class='ocrx_word' id='word_1_82' title='bbox 952 1316 1064 1383; x_wconf 80' lang='lat' dir='ltr'>quem</span> <span class='ocrx_word' id='word_1_83' title='bbox 1085 1292 1135 1358; x_wconf 88' lang='lat' dir='ltr'>in·</span> <span class='ocrx_word' id='word_1_84' title='bbox 1150 1310 1239 1358; x_wconf 88' lang='lat' dir='ltr'>oen·-</span> 
     </span>
     <span class='ocr_line' id='line_1_12' title="bbox 185 1377 1239 1451; baseline -0.006 -1"><span class='ocrx_word' id='word_1_85' title='bbox 185 1383 317 1451; x_wconf 82' lang='lat' dir='ltr'>turialie</span> <span class='ocrx_word' id='word_1_86' title='bbox 344 1380 382 1446; x_wconf 91' lang='lat' dir='ltr'>in</span> <span class='ocrx_word' id='word_1_87' title='bbox 402 1400 465 1445; x_wconf 89' lang='lat' dir='ltr'>usu</span> <span class='ocrx_word' id='word_1_88' title='bbox 489 1379 592 1446; x_wconf 87' lang='lat' dir='ltr'>fuisse</span> <span class='ocrx_word' id='word_1_89' title='bbox 614 1379 779 1445; x_wconf 84' lang='lat' dir='ltr'>eoniioiot.</span> <span class='ocrx_word' id='word_1_90' title='bbox 823 1379 975 1447; x_wconf 87' lang='lat' dir='ltr'>Omnino</span> <span class='ocrx_word' id='word_1_91' title='bbox 1000 1380 1066 1446; x_wconf 87' lang='lat' dir='ltr'>hoo</span> <span class='ocrx_word' id='word_1_92' title='bbox 1087 1377 1239 1447; x_wconf 76' lang='lat' dir='ltr'>dubitari</span> 
     </span>
     <span class='ocr_line' id='line_1_13' title="bbox 183 1458 1240 1555; baseline -0.007 -18"><span class='ocrx_word' id='word_1_93' title='bbox 183 1471 279 1537; x_wconf 92' lang='lat' dir='ltr'>nullo</span> <span class='ocrx_word' id='word_1_94' title='bbox 301 1466 402 1532; x_wconf 90' lang='lat' dir='ltr'>modo</span> <span class='ocrx_word' id='word_1_95' title='bbox 420 1475 551 1555; x_wconf 84' lang='lat' dir='ltr'>potest,</span> <span class='ocrx_word' id='word_1_96' title='bbox 577 1464 661 1553; x_wconf 90' lang='lat' dir='ltr'>quin</span> <span class='ocrx_word' id='word_1_97' title='bbox 684 1465 836 1531; x_wconf 84' lang='lat' dir='ltr'>eiusdem</span> <span class='ocrx_word' id='word_1_98' title='bbox 855 1462 929 1533; x_wconf 82' lang='lat' dir='ltr'>fere</span> <span class='ocrx_word' id='word_1_99' title='bbox 947 1458 1080 1533; x_wconf 73' lang='lat' dir='ltr'>ieiunae</span> <span class='ocrx_word' id='word_1_100' title='bbox 1100 1476 1136 1530; x_wconf 89' lang='lat' dir='ltr'>et</span> <span class='ocrx_word' id='word_1_101' title='bbox 1155 1488 1240 1531; x_wconf 81' lang='lat' dir='ltr'>ms-</span> 
     </span>
    </p>

    <p class='ocr_par' dir='ltr' id='par_1_4' title="bbox 79 1550 1274 1641">
     <span class='ocr_line' id='line_1_14' title="bbox 79 1550 1274 1641; baseline -0.004 -17"><span class='ocrx_word' id='word_1_102' title='bbox 79 1578 82 1583; x_wconf 88' lang='lat'>·</span> <span class='ocrx_word' id='word_1_103' title='bbox 183 1556 288 1624; x_wconf 81' lang='lat' dir='ltr'>terias</span> <span class='ocrx_word' id='word_1_104' title='bbox 308 1573 391 1620; x_wconf 79' lang='lat' dir='ltr'>vesu</span> <span class='ocrx_word' id='word_1_105' title='bbox 416 1551 541 1640; x_wconf 87' lang='lat' dir='ltr'>ubique</span> <span class='ocrx_word' id='word_1_106' title='bbox 559 1550 707 1619; x_wconf 82' lang='lat' dir='ltr'>Romani</span> <span class='ocrx_word' id='word_1_107' title='bbox 724 1551 764 1618; x_wconf 89' lang='lat' dir='ltr'>in</span> <span class='ocrx_word' id='word_1_108' title='bbox 783 1552 958 1619; x_wconf 81' lang='lat' dir='ltr'>sentitione</span> <span class='ocrx_word' id='word_1_109' title='bbox 983 1552 1239 1641; x_wconf 77' lang='lat' dir='ltr'>usurpavetint.</span> <span class='ocrx_word' id='word_1_110' title='bbox 1269 1632 1274 1641; x_wconf 32' lang='grc' dir='ltr'>Ι</span> 
     </span>
    </p>
   </div>
   <div class='ocr_carea' id='block_1_4' title="bbox 106 1702 1269 2401">
    <p class='ocr_par' dir='ltr' id='par_1_5' title="bbox 268 1702 1239 1793">
     <span class='ocr_line' id='line_1_15' title="bbox 268 1702 1239 1793; baseline -0.004 -17"><span class='ocrx_word' id='word_1_111' title='bbox 268 1710 342 1776; x_wconf 81' lang='lat' dir='ltr'>Iam</span> <span class='ocrx_word' id='word_1_112' title='bbox 378 1727 463 1773; x_wconf 85' lang='lat' dir='ltr'>vero</span> <span class='ocrx_word' id='word_1_113' title='bbox 497 1704 611 1772; x_wconf 83' lang='lat' dir='ltr'>forma</span> <span class='ocrx_word' id='word_1_114' title='bbox 641 1703 832 1773; x_wconf 76' lang='lat' dir='ltr'>istiusmodi</span> <span class='ocrx_word' id='word_1_115' title='bbox 867 1703 958 1772; x_wconf 81' lang='lat' dir='ltr'>vasis</span> <span class='ocrx_word' id='word_1_116' title='bbox 997 1726 1084 1793; x_wconf 82' lang='lat' dir='ltr'>quoe</span> <span class='ocrx_word' id='word_1_117' title='bbox 1121 1702 1239 1791; x_wconf 81' lang='lat' dir='ltr'>fuerit,</span> 
     </span>
    </p>

    <p class='ocr_par' dir='ltr' id='par_1_6' title="bbox 160 1790 1239 1887">
     <span class='ocr_line' id='line_1_16' title="bbox 160 1790 1239 1887; baseline -0.004 -24"><span class='ocrx_word' id='word_1_118' title='bbox 160 1874 163 1879; x_wconf 27' lang='lat'>¹</span> <span class='ocrx_word' id='word_1_119' title='bbox 184 1790 475 1887; x_wconf 82' lang='lat' dir='ltr'>quemadmodum</span> <span class='ocrx_word' id='word_1_120' title='bbox 494 1794 606 1881; x_wconf 87' lang='lat' dir='ltr'>paullo</span> <span class='ocrx_word' id='word_1_121' title='bbox 628 1804 707 1858; x_wconf 75' lang='lat' dir='ltr'>ente</span> <span class='ocrx_word' id='word_1_122' title='bbox 727 1794 796 1861; x_wconf 83' lang='lat' dir='ltr'>iam</span> <span class='ocrx_word' id='word_1_123' title='bbox 820 1792 1085 1859; x_wconf 83' lang='lat' dir='ltr'>demonstratum</span> <span class='ocrx_word' id='word_1_124' title='bbox 1104 1805 1168 1873; x_wconf 86' lang='lat' dir='ltr'>est,</span> <span class='ocrx_word' id='word_1_125' title='bbox 1187 1793 1239 1859; x_wconf 79' lang='lat' dir='ltr'>itu</span> 
     </span>
    </p>

    <p class='ocr_par' dir='ltr' id='par_1_7' title="bbox 129 1876 1269 2139">
     <span class='ocr_line' id='line_1_17' title="bbox 130 1876 1238 1968; baseline -0.004 -17"><span class='ocrx_word' id='word_1_126' title='bbox 130 1926 133 1931; x_wconf 93' lang='lat'>·</span> <span class='ocrx_word' id='word_1_127' title='bbox 184 1887 226 1951; x_wconf 80' lang='lat' dir='ltr'>ab</span> <span class='ocrx_word' id='word_1_128' title='bbox 256 1881 353 1947; x_wconf 89' lang='lat' dir='ltr'>omni</span> <span class='ocrx_word' id='word_1_129' title='bbox 378 1878 587 1945; x_wconf 79' lang='lat' dir='ltr'>dubitatione</span> <span class='ocrx_word' id='word_1_130' title='bbox 620 1880 740 1947; x_wconf 81' lang='lat' dir='ltr'>eximit</span> <span class='ocrx_word' id='word_1_131' title='bbox 765 1878 921 1945; x_wconf 80' lang='lat' dir='ltr'>denanius</span> <span class='ocrx_word' id='word_1_132' title='bbox 949 1876 1099 1945; x_wconf 83' lang='lat' dir='ltr'>eiusdem</span> <span class='ocrx_word' id='word_1_133' title='bbox 1126 1880 1238 1968; x_wconf 82' lang='lat' dir='ltr'>gentis</span> 
     </span>
     <span class='ocr_line' id='line_1_18' title="bbox 129 1962 1269 2053; baseline -0.004 -16"><span class='ocrx_word' id='word_1_134' title='bbox 129 1974 133 1981; x_wconf 81' lang='grc'><strong>’</strong></span> <span class='ocrx_word' id='word_1_135' title='bbox 187 1968 339 2049; x_wconf 82' lang='lat' dir='ltr'>Cassiae,</span> <span class='ocrx_word' id='word_1_136' title='bbox 360 1986 462 2052; x_wconf 89' lang='lat' dir='ltr'>quem</span> <span class='ocrx_word' id='word_1_137' title='bbox 484 1962 710 2053; x_wconf 76' lang='lat' dir='ltr'>spanhemius</span> <span class='ocrx_word' id='word_1_138' title='bbox 730 1965 754 2034; x_wconf 91' lang='lat' dir='ltr'>l.</span> <span class='ocrx_word' id='word_1_139' title='bbox 775 1966 799 2031; x_wconf 84' lang='lat' dir='ltr'>l.</span> <span class='ocrx_word' id='word_1_140' title='bbox 825 1966 1060 2047; x_wconf 76' lang='lat' dir='ltr'>iuxta&#39;illum,</span> <span class='ocrx_word' id='word_1_141' title='bbox 1096 1964 1159 2051; x_wconf 89' lang='lat' dir='ltr'>qui</span> <span class='ocrx_word' id='word_1_142' title='bbox 1184 1966 1269 2051; x_wconf 74' lang='lat' dir='ltr'>ei·=</span> 
     </span>
     <span class='ocr_line' id='line_1_19' title="bbox 184 2049 1260 2139; baseline -0.003 -19"><span class='ocrx_word' id='word_1_143' title='bbox 184 2066 271 2122; x_wconf 83' lang='lat' dir='ltr'>stam</span> <span class='ocrx_word' id='word_1_144' title='bbox 291 2062 538 2137; x_wconf 83' lang='lat' dir='ltr'>repraesentet,</span> <span class='ocrx_word' id='word_1_145' title='bbox 569 2049 740 2139; x_wconf 85' lang='lat' dir='ltr'>depictum</span> <span class='ocrx_word' id='word_1_146' title='bbox 770 2050 870 2116; x_wconf 87' lang='lat' dir='ltr'>dedit.</span> <span class='ocrx_word' id='word_1_147' title='bbox 912 2052 944 2118; x_wconf 87' lang='lat' dir='ltr'>Is</span> <span class='ocrx_word' id='word_1_148' title='bbox 965 2051 1060 2119; x_wconf 87' lang='lat' dir='ltr'>enim</span> <span class='ocrx_word' id='word_1_149' title='bbox 1086 2052 1260 2125; x_wconf 67' lang='lat' dir='ltr'>tribunal,</span> 
     </span>
    </p>

    <p class='ocr_par' dir='ltr' id='par_1_8' title="bbox 160 2134 1233 2379">
     <span class='ocr_line' id='line_1_20' title="bbox 160 2134 1233 2227; baseline -0.002 -24"><span class='ocrx_word' id='word_1_150' title='bbox 160 2198 163 2203; x_wconf 90' lang='lat'><em>.</em></span> <span class='ocrx_word' id='word_1_151' title='bbox 187 2135 462 2227; x_wconf 84' lang='lat' dir='ltr'>conspiciendum</span> <span class='ocrx_word' id='word_1_152' title='bbox 490 2135 562 2217; x_wconf 81' lang='lat' dir='ltr'>dut,</span> <span class='ocrx_word' id='word_1_153' title='bbox 597 2134 640 2201; x_wconf 81' lang='lat' dir='ltr'>ed</span> <span class='ocrx_word' id='word_1_154' title='bbox 669 2138 764 2203; x_wconf 83' lang='lat' dir='ltr'>cuius</span> <span class='ocrx_word' id='word_1_155' title='bbox 785 2136 927 2204; x_wconf 77' lang='lat' dir='ltr'>alteram</span> <span class='ocrx_word' id='word_1_156' title='bbox 953 2150 1086 2227; x_wconf 82' lang='lat' dir='ltr'>partem</span> <span class='ocrx_word' id='word_1_157' title='bbox 1112 2136 1233 2204; x_wconf 76' lang='lat' dir='ltr'>tabells</span> 
     </span>
     <span class='ocr_line' id='line_1_21' title="bbox 185 2219 1229 2379; baseline -0.002 -88"><span class='ocrx_word' id='word_1_158' title='bbox 185 2225 325 2379; x_wconf 54' lang='lat' dir='ltr'>{initur²</span> <span class='ocrx_word' id='word_1_159' title='bbox 354 2222 477 2290; x_wconf 85' lang='lat' dir='ltr'>litteris</span> <span class='ocrx_word' id='word_1_160' title='bbox 493 2224 536 2315; x_wconf 30' lang='lat' dir='ltr'>‚A</span> <span class='ocrx_word' id='word_1_161' title='bbox 553 2222 582 2286; x_wconf 79' lang='lat'><em>0</em></span> <span class='ocrx_word' id='word_1_162' title='bbox 599 2219 776 2312; x_wconf 81' lang='lat' dir='ltr'>insignita,</span> <span class='ocrx_word' id='word_1_163' title='bbox 812 2223 858 2290; x_wconf 81' lang='lat' dir='ltr'>ed</span> <span class='ocrx_word' id='word_1_164' title='bbox 879 2224 1022 2293; x_wconf 77' lang='lat' dir='ltr'>atteram</span> <span class='ocrx_word' id='word_1_165' title='bbox 1040 2222 1229 2293; x_wconf 78' lang='lat' dir='ltr'>huiusmodi</span> 
     </span>
    </p>

    <p class='ocr_par' dir='ltr' id='par_1_9' title="bbox 106 2330 1246 2401">
     <span class='ocr_line' id='line_1_22' title="bbox 106 2330 1246 2401; baseline -0.004 -24"><span class='ocrx_word' id='word_1_166' title='bbox 106 2366 112 2377; x_wconf 90' lang='lat'>.</span> <span class='ocrx_word' id='word_1_167' title='bbox 210 2331 314 2401; x_wconf 77' lang='lat' dir='ltr'>guree</span> <span class='ocrx_word' id='word_1_168' title='bbox 334 2330 411 2378; x_wconf 76' lang='lat' dir='ltr'>vass</span> <span class='ocrx_word' id='word_1_169' title='bbox 1243 2336 1246 2343; x_wconf 50' lang='lat'>*</span> 
     </span>
    </p>
   </div>
   <div class='ocr_carea' id='block_1_5' title="bbox 697 2401 771 2556">
    <p class='ocr_par' dir='ltr' id='par_1_10' title="bbox 697 2401 771 2556">
     <span class='ocr_line' id='line_1_23' title="bbox 697 2401 771 2556; baseline 0 -97"><span class='ocrx_word' id='word_1_170' title='bbox 697 2401 771 2556; x_wconf 46' lang='lat' dir='ltr'>Q..</span> 
     </span>
    </p>
   </div>
   <div class='ocr_carea' id='block_1_6' title="bbox 60 2662 1286 4232">
    <p class='ocr_par' dir='ltr' id='par_1_11' title="bbox 186 2662 1243 2939">
     <span class='ocr_line' id='line_1_24' title="bbox 273 2662 1239 2774; baseline 0.004 -35"><span class='ocrx_word' id='word_1_171' title='bbox 273 2662 353 2761; x_wconf 79' lang='lat' dir='ltr'>Que</span> <span class='ocrx_word' id='word_1_172' title='bbox 367 2663 476 2760; x_wconf 81' lang='lat' dir='ltr'>ligura</span> <span class='ocrx_word' id='word_1_173' title='bbox 497 2674 637 2750; x_wconf 77' lang='lat' dir='ltr'>eertum</span> <span class='ocrx_word' id='word_1_174' title='bbox 649 2674 699 2739; x_wconf 87' lang='lat' dir='ltr'>est</span> <span class='ocrx_word' id='word_1_175' title='bbox 718 2691 799 2752; x_wconf 80' lang='lat' dir='ltr'>vus,</span> <span class='ocrx_word' id='word_1_176' title='bbox 818 2664 856 2740; x_wconf 86' lang='lat' dir='ltr'>in</span> <span class='ocrx_word' id='word_1_177' title='bbox 876 2669 968 2774; x_wconf 81' lang='lat' dir='ltr'>quod</span> <span class='ocrx_word' id='word_1_178' title='bbox 986 2676 1095 2741; x_wconf 85' lang='lat' dir='ltr'>sortes</span> <span class='ocrx_word' id='word_1_179' title='bbox 1115 2662 1239 2743; x_wconf 85' lang='lat' dir='ltr'>eoniioi</span> 
     </span>
     <span class='ocr_line' id='line_1_25' title="bbox 188 2752 1240 2847; baseline -0.001 -18"><span class='ocrx_word' id='word_1_180' title='bbox 188 2761 259 2829; x_wconf 87' lang='lat' dir='ltr'>sint</span> <span class='ocrx_word' id='word_1_181' title='bbox 289 2759 420 2843; x_wconf 81' lang='lat' dir='ltr'>solitae,</span> <span class='ocrx_word' id='word_1_182' title='bbox 463 2757 498 2825; x_wconf 92' lang='lat' dir='ltr'>id</span> <span class='ocrx_word' id='word_1_183' title='bbox 527 2764 577 2824; x_wconf 86' lang='lat' dir='ltr'>est</span> <span class='ocrx_word' id='word_1_184' title='bbox 613 2780 741 2825; x_wconf 83' lang='lat' dir='ltr'>urnam</span> <span class='ocrx_word' id='word_1_185' title='bbox 775 2759 832 2824; x_wconf 86' lang='lat' dir='ltr'>vel</span> <span class='ocrx_word' id='word_1_186' title='bbox 863 2760 1017 2837; x_wconf 73' lang='lat' dir='ltr'>sitellam</span> <span class='ocrx_word' id='word_1_187' title='bbox 1043 2752 1240 2847; x_wconf 70' lang='lat' dir='ltr'>significari.</span> 
     </span>
     <span class='ocr_line' id='line_1_26' title="bbox 186 2844 1243 2939; baseline -0.003 -24"><span class='ocrx_word' id='word_1_188' title='bbox 186 2848 287 2916; x_wconf 86' lang='lat' dir='ltr'>Illani</span> <span class='ocrx_word' id='word_1_189' title='bbox 308 2857 421 2913; x_wconf 80' lang='lat' dir='ltr'>eutem</span> <span class='ocrx_word' id='word_1_190' title='bbox 438 2864 560 2911; x_wconf 79' lang='lat' dir='ltr'>urnam</span> <span class='ocrx_word' id='word_1_191' title='bbox 579 2844 638 2910; x_wconf 86' lang='lat' dir='ltr'>vel</span> <span class='ocrx_word' id='word_1_192' title='bbox 657 2844 800 2910; x_wconf 79' lang='lat' dir='ltr'>sitellam</span> <span class='ocrx_word' id='word_1_193' title='bbox 821 2844 1031 2913; x_wconf 81' lang='lat' dir='ltr'>iutn‘bunali</span> <span class='ocrx_word' id='word_1_194' title='bbox 1049 2845 1156 2912; x_wconf 82' lang='lat' dir='ltr'>fuisse</span> <span class='ocrx_word' id='word_1_195' title='bbox 1174 2870 1243 2939; x_wconf 86' lang='lat' dir='ltr'>po-</span> 
     </span>
    </p>

    <p class='ocr_par' dir='ltr' id='par_1_12' title="bbox 162 2928 1286 3193">
     <span class='ocr_line' id='line_1_27' title="bbox 162 2928 1286 3025; baseline 0.002 -26"><span class='ocrx_word' id='word_1_196' title='bbox 162 2935 305 3023; x_wconf 70' lang='lat' dir='ltr'>,sitam‚</span> <span class='ocrx_word' id='word_1_197' title='bbox 331 2956 400 2998; x_wconf 88' lang='lat' dir='ltr'>non</span> <span class='ocrx_word' id='word_1_198' title='bbox 421 2931 531 2995; x_wconf 86' lang='lat' dir='ltr'>solum</span> <span class='ocrx_word' id='word_1_199' title='bbox 552 2952 597 2995; x_wconf 85' lang='lat' dir='ltr'>ex</span> <span class='ocrx_word' id='word_1_200' title='bbox 618 2928 684 2995; x_wconf 86' lang='lat' dir='ltr'>hoe</span> <span class='ocrx_word' id='word_1_201' title='bbox 703 2930 842 2996; x_wconf 85' lang='lat' dir='ltr'>denario</span> <span class='ocrx_word' id='word_1_202' title='bbox 864 2932 985 2999; x_wconf 86' lang='lat' dir='ltr'>coniioi</span> <span class='ocrx_word' id='word_1_203' title='bbox 1011 2944 1141 3023; x_wconf 88' lang='lat' dir='ltr'>potest,</span> <span class='ocrx_word' id='word_1_204' title='bbox 1172 2954 1245 3000; x_wconf 77' lang='lat' dir='ltr'>ve·-</span> <span class='ocrx_word' id='word_1_205' title='bbox 1268 2984 1286 3025; x_wconf 81' lang='lat'>··</span> 
     </span>
     <span class='ocr_line' id='line_1_28' title="bbox 187 3014 1245 3097; baseline 0.003 -13"><span class='ocrx_word' id='word_1_206' title='bbox 187 3037 279 3097; x_wconf 82' lang='lat' dir='ltr'>rum¹</span> <span class='ocrx_word' id='word_1_207' title='bbox 294 3028 435 3083; x_wconf 80' lang='lat' dir='ltr'>testatur</span> <span class='ocrx_word' id='word_1_208' title='bbox 464 3015 567 3079; x_wconf 84' lang='lat' dir='ltr'>etism</span> <span class='ocrx_word' id='word_1_209' title='bbox 590 3014 714 3080; x_wconf 84' lang='lat' dir='ltr'>diserte</span> <span class='ocrx_word' id='word_1_210' title='bbox 736 3015 853 3083; x_wconf 89' lang='lat' dir='ltr'>Cicero</span> <span class='ocrx_word' id='word_1_211' title='bbox 872 3018 915 3084; x_wconf 74' lang='lat' dir='ltr'>in·</span> <span class='ocrx_word' id='word_1_212' title='bbox 929 3020 1047 3087; x_wconf 84' lang='lat' dir='ltr'>Vetin.</span> <span class='ocrx_word' id='word_1_213' title='bbox 1076 3019 1245 3089; x_wconf 68' lang='lat' dir='ltr'>dxlv.</span> 
     </span>
     <span class='ocr_line' id='line_1_29' title="bbox 189 3100 1244 3193; baseline 0.003 -23"><span class='ocrx_word' id='word_1_214' title='bbox 189 3107 220 3192; x_wconf 77' lang='lat'>§-</span> <span class='ocrx_word' id='word_1_215' title='bbox 239 3101 291 3171; x_wconf 76' lang='lat'>54.</span> <span class='ocrx_word' id='word_1_216' title='bbox 306 3124 408 3187; x_wconf 88' lang='lat' dir='ltr'>quem</span> <span class='ocrx_word' id='word_1_217' title='bbox 422 3102 537 3166; x_wconf 90' lang='lat' dir='ltr'>locum</span> <span class='ocrx_word' id='word_1_218' title='bbox 557 3122 592 3187; x_wconf 89' lang='lat' dir='ltr'>p.</span> <span class='ocrx_word' id='word_1_219' title='bbox 607 3100 731 3169; x_wconf 86' lang='lat' dir='ltr'><strong>CLXI.</strong></span> <span class='ocrx_word' id='word_1_220' title='bbox 751 3103 935 3171; x_wconf 80' lang='lat' dir='ltr'>attulimus.</span> <span class='ocrx_word' id='word_1_221' title='bbox 969 3105 1087 3193; x_wconf 85' lang='lat' dir='ltr'>Atque</span> <span class='ocrx_word' id='word_1_222' title='bbox 1097 3105 1134 3171; x_wconf 93' lang='lat' dir='ltr'>in</span> <span class='ocrx_word' id='word_1_223' title='bbox 1147 3105 1244 3174; x_wconf 81' lang='lat' dir='ltr'>iudi-</span> 
     </span>
    </p>

    <p class='ocr_par' dir='ltr' id='par_1_13' title="bbox 89 3184 1258 3621">
     <span class='ocr_line' id='line_1_30' title="bbox 89 3184 1258 3278; baseline 0.005 -23"><span class='ocrx_word' id='word_1_224' title='bbox 89 3212 95 3231; x_wconf 85' lang='lat'>··</span> <span class='ocrx_word' id='word_1_225' title='bbox 188 3189 256 3256; x_wconf 83' lang='lat' dir='ltr'>ciis</span> <span class='ocrx_word' id='word_1_226' title='bbox 272 3187 410 3274; x_wconf 88' lang='lat' dir='ltr'>quidem</span> <span class='ocrx_word' id='word_1_227' title='bbox 427 3184 542 3252; x_wconf 83' lang='lat' dir='ltr'>edesse</span> <span class='ocrx_word' id='word_1_228' title='bbox 563 3184 728 3252; x_wconf 80' lang='lat' dir='ltr'>debebant</span> <span class='ocrx_word' id='word_1_229' title='bbox 746 3198 796 3271; x_wconf 78' lang='lat' dir='ltr'>tot</span> <span class='ocrx_word' id='word_1_230' title='bbox 816 3204 1043 3278; x_wconf 46' lang='lat' dir='ltr'>urmes-quot</span> <span class='ocrx_word' id='word_1_231' title='bbox 1067 3203 1165 3259; x_wconf 78' lang='lat' dir='ltr'>erent</span> <span class='ocrx_word' id='word_1_232' title='bbox 1184 3193 1258 3261; x_wconf 90' lang='lat' dir='ltr'>iu·-</span> 
     </span>
     <span class='ocr_line' id='line_1_31' title="bbox 189 3268 1246 3378; baseline 0.005 -36"><span class='ocrx_word' id='word_1_233' title='bbox 189 3277 304 3342; x_wconf 87' lang='lat' dir='ltr'>dieum</span> <span class='ocrx_word' id='word_1_234' title='bbox 331 3272 484 3347; x_wconf 86' lang='lat' dir='ltr'>ordines,</span> <span class='ocrx_word' id='word_1_235' title='bbox 525 3293 570 3363; x_wconf 84' lang='lat' dir='ltr'>ex</span> <span class='ocrx_word' id='word_1_236' title='bbox 604 3273 725 3359; x_wconf 83' lang='lat' dir='ltr'>quibus</span> <span class='ocrx_word' id='word_1_237' title='bbox 751 3273 803 3340; x_wconf 81' lang='lat' dir='ltr'>sin</span> <span class='ocrx_word' id='word_1_238' title='bbox 850 3268 909 3360; x_wconf 88' lang='lat' dir='ltr'>lis,</span> <span class='ocrx_word' id='word_1_239' title='bbox 950 3279 1009 3378; x_wconf 80' lang='lat' dir='ltr'>qui</span> <span class='ocrx_word' id='word_1_240' title='bbox 1037 3272 1246 3363; x_wconf 78' lang='lat' dir='ltr'>indicerent,</span> 
     </span>
     <span class='ocr_line' id='line_1_32' title="bbox 183 3296 1242 3455; baseline 0.008 -30"><span class='ocrx_word' id='word_1_241' title='bbox 183 3370 282 3426; x_wconf 82' lang='lat' dir='ltr'>&#39;sorte</span> <span class='ocrx_word' id='word_1_242' title='bbox 311 3356 432 3425; x_wconf 80' lang='lat' dir='ltr'>eleetos</span> <span class='ocrx_word' id='word_1_243' title='bbox 460 3380 533 3423; x_wconf 87' lang='lat' dir='ltr'>esse</span> <span class='ocrx_word' id='word_1_244' title='bbox 557 3370 676 3427; x_wconf 87' lang='lat' dir='ltr'>notum</span> <span class='ocrx_word' id='word_1_245' title='bbox 705 3371 767 3427; x_wconf 87' lang='lat' dir='ltr'>est.</span> <span class='ocrx_word' id='word_1_246' title='bbox 803 3296 901 3429; x_wconf 63' lang='lat' dir='ltr'>ilinc</span> <span class='ocrx_word' id='word_1_247' title='bbox 931 3364 1050 3431; x_wconf 78' lang='lat' dir='ltr'>(heere</span> <span class='ocrx_word' id='word_1_248' title='bbox 1076 3366 1163 3455; x_wconf 86' lang='lat' dir='ltr'><strong>Epp.</strong></span> <span class='ocrx_word' id='word_1_249' title='bbox 1196 3366 1242 3433; x_wconf 78' lang='lat' dir='ltr'>ud</span> 
     </span>
     <span class='ocr_line' id='line_1_33' title="bbox 191 3443 1243 3597; baseline 0.01 -87"><span class='ocrx_word' id='word_1_250' title='bbox 191 3445 360 3597; x_wconf 36' lang='lat' dir='ltr'>quintum</span> <span class='ocrx_word' id='word_1_251' title='bbox 382 3443 425 3509; x_wconf 83' lang='lat' dir='ltr'>fr.</span> <span class='ocrx_word' id='word_1_252' title='bbox 445 3444 493 3525; x_wconf 90' lang='grc' dir='ltr'>Π,</span> <span class='ocrx_word' id='word_1_253' title='bbox 515 3443 547 3510; x_wconf 86' lang='lat'>6.</span> <span class='ocrx_word' id='word_1_254' title='bbox 589 3444 814 3535; x_wconf 59' lang='lat' dir='ltr'>Senatorum</span> <span class='ocrx_word' id='word_1_255' title='bbox 841 3451 877 3517; x_wconf 91' lang='lat' dir='ltr'>in</span> <span class='ocrx_word' id='word_1_256' title='bbox 902 3449 966 3525; x_wconf 88' lang='lat' dir='ltr'>uit,</span> <span class='ocrx_word' id='word_1_257' title='bbox 993 3472 1086 3519; x_wconf 78' lang='lat' dir='ltr'>urm</span> <span class='ocrx_word' id='word_1_258' title='bbox 1103 3450 1243 3539; x_wconf 75' lang='lat' dir='ltr'>copiose</span> 
     </span>
     <span class='ocr_line' id='line_1_34' title="bbox 190 3530 1243 3621; baseline 0.007 -23"><span class='ocrx_word' id='word_1_259' title='bbox 190 3531 355 3619; x_wconf 74' lang='lat' dir='ltr'>aseivit,</span> <span class='ocrx_word' id='word_1_260' title='bbox 387 3530 545 3619; x_wconf 82' lang='lat' dir='ltr'>equitum</span> <span class='ocrx_word' id='word_1_261' title='bbox 573 3531 803 3621; x_wconf 81' lang='lat' dir='ltr'>adaequavit,</span> <span class='ocrx_word' id='word_1_262' title='bbox 835 3536 885 3602; x_wconf 85' lang='lat' dir='ltr'>tr’</span> <span class='ocrx_word' id='word_1_263' title='bbox 906 3536 968 3604; x_wconf 80' lang='lat' dir='ltr'>uni</span> <span class='ocrx_word' id='word_1_264' title='bbox 993 3534 1128 3604; x_wconf 74' lang='lat' dir='ltr'>aerarii</span> <span class='ocrx_word' id='word_1_265' title='bbox 1153 3558 1243 3605; x_wconf 66' lang='lat' dir='ltr'>oon*</span> 
     </span>
    </p>

    <p class='ocr_par' dir='ltr' id='par_1_14' title="bbox 157 3614 1282 4132">
     <span class='ocr_line' id='line_1_35' title="bbox 157 3614 1242 3711; baseline 0.006 -26"><span class='ocrx_word' id='word_1_266' title='bbox 157 3680 160 3685; x_wconf 80' lang='grc'>,</span> <span class='ocrx_word' id='word_1_267' title='bbox 189 3616 411 3685; x_wconf 76' lang='lat' dir='ltr'>domuerunt.</span> <span class='ocrx_word' id='word_1_268' title='bbox 454 3615 542 3702; x_wconf 72' lang='lat' dir='ltr'>Quo</span> <span class='ocrx_word' id='word_1_269' title='bbox 554 3615 592 3683; x_wconf 91' lang='lat' dir='ltr'>iu</span> <span class='ocrx_word' id='word_1_270' title='bbox 613 3618 689 3683; x_wconf 91' lang='lat' dir='ltr'>loco</span> <span class='ocrx_word' id='word_1_271' title='bbox 710 3620 807 3686; x_wconf 84' lang='lat' dir='ltr'>valde</span> <span class='ocrx_word' id='word_1_272' title='bbox 827 3634 957 3699; x_wconf 82' lang='lat' dir='ltr'>errant,</span> <span class='ocrx_word' id='word_1_273' title='bbox 978 3614 1038 3711; x_wconf 80' lang='lat' dir='ltr'>qui</span> <span class='ocrx_word' id='word_1_274' title='bbox 1055 3625 1171 3691; x_wconf 80' lang='lat' dir='ltr'>&#39;urnae</span> <span class='ocrx_word' id='word_1_275' title='bbox 1196 3622 1242 3692; x_wconf 87' lang='lat' dir='ltr'>de</span> 
     </span>
     <span class='ocr_line' id='line_1_36' title="bbox 189 3702 1241 3793; baseline 0.01 -25"><span class='ocrx_word' id='word_1_276' title='bbox 189 3702 280 3770; x_wconf 84' lang='lat' dir='ltr'>cistis</span> <span class='ocrx_word' id='word_1_277' title='bbox 301 3703 576 3793; x_wconf 82' lang='lat' dir='ltr'>interpretantur,</span> <span class='ocrx_word' id='word_1_278' title='bbox 609 3703 646 3768; x_wconf 94' lang='lat' dir='ltr'>in</span> <span class='ocrx_word' id='word_1_279' title='bbox 669 3724 751 3789; x_wconf 85' lang='lat' dir='ltr'>quas</span> <span class='ocrx_word' id='word_1_280' title='bbox 772 3707 899 3773; x_wconf 89' lang='lat' dir='ltr'>iudices</span> <span class='ocrx_word' id='word_1_281' title='bbox 919 3709 1057 3777; x_wconf 76' lang='lat' dir='ltr'>tabellas</span> <span class='ocrx_word' id='word_1_282' title='bbox 1079 3710 1241 3785; x_wconf 77' lang='lat' dir='ltr'>oonieee-</span> 
     </span>
     <span class='ocr_line' id='line_1_37' title="bbox 188 3790 1242 3881; baseline 0.009 -26"><span class='ocrx_word' id='word_1_283' title='bbox 188 3790 266 3855; x_wconf 85' lang='lat' dir='ltr'>rint.</span> <span class='ocrx_word' id='word_1_284' title='bbox 308 3790 419 3854; x_wconf 90' lang='lat' dir='ltr'>Immo</span> <span class='ocrx_word' id='word_1_285' title='bbox 441 3802 531 3855; x_wconf 71' lang='lat' dir='ltr'>urna</span> <span class='ocrx_word' id='word_1_286' title='bbox 552 3790 758 3856; x_wconf 81' lang='lat' dir='ltr'>Senatorum</span> <span class='ocrx_word' id='word_1_287' title='bbox 786 3792 840 3859; x_wconf 88' lang='lat' dir='ltr'>hio</span> <span class='ocrx_word' id='word_1_288' title='bbox 861 3793 1024 3881; x_wconf 82' lang='lat' dir='ltr'>significet</span> <span class='ocrx_word' id='word_1_289' title='bbox 1052 3795 1242 3865; x_wconf 77' lang='lat' dir='ltr'>Senatores</span> 
     </span>
     <span class='ocr_line' id='line_1_38' title="bbox 176 3874 1240 3967; baseline 0.011 -27"><span class='ocrx_word' id='word_1_290' title='bbox 176 3884 279 3965; x_wconf 25' lang='lat' dir='ltr'>&#39;sorte</span> <span class='ocrx_word' id='word_1_291' title='bbox 304 3877 445 3954; x_wconf 82' lang='lat' dir='ltr'>eleetos,</span> <span class='ocrx_word' id='word_1_292' title='bbox 480 3874 637 3960; x_wconf 84' lang='lat' dir='ltr'>idemque</span> <span class='ocrx_word' id='word_1_293' title='bbox 666 3897 752 3942; x_wconf 76' lang='lat' dir='ltr'>unna</span> <span class='ocrx_word' id='word_1_294' title='bbox 779 3881 931 3967; x_wconf 88' lang='lat' dir='ltr'>equitum</span> <span class='ocrx_word' id='word_1_295' title='bbox 958 3894 993 3949; x_wconf 88' lang='lat' dir='ltr'>et</span> <span class='ocrx_word' id='word_1_296' title='bbox 1019 3882 1240 3951; x_wconf 87' lang='lat' dir='ltr'>tribunorum</span> 
     </span>
     <span class='ocr_line' id='line_1_39' title="bbox 188 3959 1282 4058; baseline 0.013 -32"><span class='ocrx_word' id='word_1_297' title='bbox 188 3960 409 4027; x_wconf 74' lang='lat' dir='ltr'>aet-ariorum.</span> <span class='ocrx_word' id='word_1_298' title='bbox 458 3960 498 4025; x_wconf 90' lang='lat' dir='ltr'>In</span> <span class='ocrx_word' id='word_1_299' title='bbox 528 3959 673 4027; x_wconf 83' lang='lat' dir='ltr'>comitiis</span> <span class='ocrx_word' id='word_1_300' title='bbox 700 3984 769 4028; x_wconf 81' lang='lat' dir='ltr'>una</span> <span class='ocrx_word' id='word_1_301' title='bbox 796 3977 927 4035; x_wconf 74' lang='lat' dir='ltr'>tentum</span> <span class='ocrx_word' id='word_1_302' title='bbox 957 3990 1041 4058; x_wconf 82' lang='lat' dir='ltr'>opus</span> <span class='ocrx_word' id='word_1_303' title='bbox 1067 3967 1240 4045; x_wconf 76' lang='lat' dir='ltr'>habebunt</span> <span class='ocrx_word' id='word_1_304' title='bbox 1280 3990 1282 3995; x_wconf 84' lang='grc'><strong><em>·</em></strong></span> 
     </span>
     <span class='ocr_line' id='line_1_40' title="bbox 187 4042 1238 4132; baseline 0.01 -19"><span class='ocrx_word' id='word_1_305' title='bbox 187 4042 314 4123; x_wconf 80' lang='lat' dir='ltr'>sitella,</span> <span class='ocrx_word' id='word_1_306' title='bbox 357 4049 393 4113; x_wconf 90' lang='lat' dir='ltr'>in</span> <span class='ocrx_word' id='word_1_307' title='bbox 429 4048 532 4132; x_wconf 80' lang='lat' dir='ltr'>quem</span> <span class='ocrx_word' id='word_1_308' title='bbox 548 4047 716 4114; x_wconf 79' lang='lat' dir='ltr'>&#39;tsibuum</span> <span class='ocrx_word' id='word_1_309' title='bbox 749 4062 808 4118; x_wconf 85' lang='lat' dir='ltr'>aut</span> <span class='ocrx_word' id='word_1_310' title='bbox 835 4053 1065 4123; x_wconf 76' lang='lat' dir='ltr'>centuriarum</span> <span class='ocrx_word' id='word_1_311' title='bbox 1094 4057 1238 4125; x_wconf 75' lang='lat' dir='ltr'>nomina</span> 
     </span>
    </p>

    <p class='ocr_par' dir='ltr' id='par_1_15' title="bbox 60 4129 1236 4232">
     <span class='ocr_line' id='line_1_41' title="bbox 60 4129 1236 4232; baseline 0.011 -34"><span class='ocrx_word' id='word_1_312' title='bbox 60 4196 64 4203; x_wconf 82' lang='grc'><strong>,</strong></span> <span class='ocrx_word' id='word_1_313' title='bbox 187 4129 449 4201; x_wconf 80' lang='lat' dir='ltr'>eoniieiebentur</span> <span class='ocrx_word' id='word_1_314' title='bbox 471 4153 512 4198; x_wconf 87' lang='lat' dir='ltr'>eo</span> <span class='ocrx_word' id='word_1_315' title='bbox 536 4134 693 4213; x_wconf 78' lang='lat' dir='ltr'>consitio,</span> <span class='ocrx_word' id='word_1_316' title='bbox 730 4149 856 4225; x_wconf 83' lang='lat' dir='ltr'>utque</span> <span class='ocrx_word' id='word_1_317' title='bbox 886 4141 1007 4209; x_wconf 88' lang='lat' dir='ltr'>ordine</span> <span class='ocrx_word' id='word_1_318' title='bbox 1035 4143 1236 4232; x_wconf 76' lang='lat' dir='ltr'>suffragium</span> 
     </span>
    </p>
   </div>
   <div class='ocr_carea' id='block_1_7' title="bbox 310 4217 1269 4389">
    <p class='ocr_par' dir='ltr' id='par_1_16' title="bbox 310 4217 1269 4389">
     <span class='ocr_line' id='line_1_42' title="bbox 310 4217 1269 4323; baseline 0.022 -43"><span class='ocrx_word' id='word_1_319' title='bbox 310 4232 316 4280; x_wconf 77' lang='lat' dir='ltr'>t</span> <span class='ocrx_word' id='word_1_320' title='bbox 342 4227 435 4287; x_wconf 79' lang='lat' dir='ltr'>sorte</span> <span class='ocrx_word' id='word_1_321' title='bbox 460 4217 730 4323; x_wconf 79' lang='lat' dir='ltr'>constitueretur.</span> <span class='ocrx_word' id='word_1_322' title='bbox 777 4224 893 4315; x_wconf 77' lang='lat' dir='ltr'>Itaque</span> <span class='ocrx_word' id='word_1_323' title='bbox 920 4228 962 4296; x_wconf 88' lang='lat' dir='ltr'>de</span> <span class='ocrx_word' id='word_1_324' title='bbox 989 4229 1133 4300; x_wconf 76' lang='lat' dir='ltr'>comitiis</span> <span class='ocrx_word' id='word_1_325' title='bbox 1154 4250 1236 4299; x_wconf 77' lang='lat' dir='ltr'>cunt</span> <span class='ocrx_word' id='word_1_326' title='bbox 1265 4230 1269 4235; x_wconf 71' lang='grc'><strong>’</strong></span> 
     </span>
     <span class='ocr_line' id='line_1_43' title="bbox 847 4348 1191 4389; baseline 0.02 -20"><span class='ocrx_word' id='word_1_327' title='bbox 847 4349 856 4369; x_wconf 38' lang='grc' dir='ltr'>,ι</span> <span class='ocrx_word' id='word_1_328' title='bbox 1093 4348 1109 4383; x_wconf 59' lang='lat'><em>4</em></span> <span class='ocrx_word' id='word_1_329' title='bbox 1188 4382 1191 4389; x_wconf 64' lang='grc'>,</span> 
     </span>
    </p>
   </div>
   <div class='ocr_carea' id='block_1_8' title="bbox 0 0 1326 4748">
    <p class='ocr_par' dir='ltr' id='par_1_17' title="bbox 0 0 1326 4748">
     <span class='ocr_line' id='line_1_44' title="bbox 0 0 1326 4748; baseline 0 0"><span class='ocrx_word' id='word_1_330' title='bbox 0 0 1326 4748; x_wconf 95' lang='lat' dir='ltr'> </span> 
     </span>
    </p>
   </div>
  </div>
 </body>
</html>
