2634 4748
121 302 248 372 rcum
343 328 346 333 -

124 458 346 545 deamicitia
380 452 624 548 nonnrin'quam
656 461 843 553 usurpavit
894 463 965 528 Iam
1001 462 1030 528 si
1059 457 1170 528 scriba

123 551 263 632 codicis,
295 549 336 613 ad
358 546 453 613 cuius
474 547 578 613 fidem
598 549 816 635 Victorianus
838 546 1000 616 editiones
1020 548 1198 638 impresa-

125 663 180 705 sae
200 646 293 715 sunt,
325 634 363 701 in
391 634 538 734 quinque
564 635 731 722 prioribus
758 634 854 701 libris
882 633 1057 723 ,vulgarius
1086 634 1173 701 illud

124 721 382 810 compendium,
403 744 441 785 1n
463 720 676 807 sequentibus
695 744 777 787 vero
798 722 943 789 alterum
966 721 1077 786 minus
1098 720 1173 786 fre-

124 820 317 898 quentatum
340 806 577 895 usurpaverat,
598 807 673 873 fieri
693 805 851 874 facillime
871 808 1002 897 potuit,
1029 818 1070 870 ut
1091 807 1173 897 pri-

124 906 260 961 'morum
282 893 450 958 editorum
479 893 550 958 sive
577 893 781 979 ignorantia,
816 892 886 959 sive
911 892 1114 981 negligentia
1133 894 1173 959 in

122 980 309 1081 posteriore
338 977 555 1066 epistolarum
581 990 680 1068 parte
710 978 832 1069 ubique
860 1004 969 1069 quum
994 1000 1060 1068 pro
1082 1001 1173 1067 quo·

123 1070 219 1136 niam
241 1066 503 1159 imprimeretur.
679 1141 682 1145 ,
767 1150 770 1155 Ι
913 1135 917 1142 ,

143 1168 146 1175 ’
198 1168 393 1254 ¹Quaeritur
416 1172 561 1244 autem,
609 1167 700 1233 unde
740 1166 885 1233 aliorum
919 1168 976 1235 illa
1013 1168 1171 1235 codicum

123 1248 304 1344 scriptura,
336 1254 395 1341 qui
415 1253 452 1318 in
472 1251 565 1318 libris
590 1253 745 1319 undecim
773 1252 1014 1341 posterioribus
1045 1254 1202 1340 ubique,

6 1394 9 1401 .
122 1338 261 1445 qnando
281 1363 346 1427 pro
374 1335 537 1429 quonium
556 1336 697 1420 habent,
725 1350 800 1405 orta
821 1341 874 1408 sit.
920 1341 1040 1427 Quivis
1069 1341 1172 1407 facile

122 1426 224 1505 ridet,
245 1424 468 1515 improbabile
490 1430 572 1506 es'se,
591 1424 621 1490 si
640 1425 676 1489 in
693 1423 817 1504 codice,
839 1425 896 1513 qui
917 1427 993 1495 fons
1011 1429 1172 1493 omnium

93 1544 95 1549 '
122 1528 304 1610 ¹exstiterit,
348 1511 406 1617 qni
435 1526 611 1613 diligenter
631 1527 793 1615 scriptum
814 1525 949 1607 fuisset,
984 1529 1025 1594 id'
1041 1529 1170 1616 ubique

13 1656 18 1669 ¹
120 1622 299 1698 librarium
313 1629 351 1697 in
372 1613 423 1719 qri
440 1625 545 1694 fuisse
565 1640 785 1699 mutaturum.
828 1630 945 1725 Itaque
960 1653 1022 1717 ego
1036 1655 1075 1698 ea
1091 1654 1171 1697 sum

24 1742 28 1751 ’
122 1718 303 1797 sententia,
324 1727 362 1780 ut
381 1715 787 1816 auctorem-exemplaris,
811 1740 853 1784 ex
869 1741 935 1805 quo
958 1741 1084 1797 omnes,
1107 1716 1169 1803 qui

122 1806 317 1870 etiamnunc
343 1811 493 1880 exstant,
523 1803 589 1865 orti
614 1803 742 1867 codices
762 1816 856 1885 sunt,
894 1805 997 1870 etiam
1016 1805 1052 1869 in
1070 1802 1169 1869 libris

120 1902 317 1972 VI-XVI.
339 1900 540 1989 compendio
555 1887 622 2003 qud
643 1927 741 1969 usum
764 1902 865 1973 fuisse
885 1902 1088 1984 existimem,
1105 1905 1187 1993 sed,

121 1990 334 2081 cumplures
357 1986 532 2075 exemplar
557 1988 643 2055 illud
665 1989 907 2073 describerent,
933 2014 1042 2058 unum
1063 2014 1108 2069 ex
1128 1992 1172 2061 iis

122 2089 310 2181 compendi,
321 2074 419 2242 ,fuo-
430 2087 630 2178 particulam
653 2093 808 2180 quando,
837 2095 943 2161 alium
968 2078 1170 2184 particulam

145 2176 309 2256 soniam,
357 2176 427 2242 ium
444 2173 581 2261 fortasse
603 2176 705 2244 etiam
724 2181 923 2267 particulam
942 2205 1046 2271 quom
1066 2183 1094 2247 s'
1115 2180 1173 2247 ui''

121 2203 218 2331 icari
247 2261 423 2339 arbitratos
453 2285 533 2329 esse·
585 2263 682 2349 Quae
705 2268 841 2365 quidem
869 2269 990 2335 erratio
1018 2291 1060 2332 eo
1099 2266 1167 2335 aci-
1213 2290 1218 2305 ·

120 2352 186 2417 lior
214 2360 302 2429 erat,
338 2349 367 2414 si
395 2360 509 2415 auctor
536 2346 626 2417 illius
655 2353 877 2440 antiquissimi
905 2354 1108 2443 exemplaris
1132 2352 1170 2419 in

121 2437 280 2524 quinquo.
298 2433 466 2520 prioribus
487 2435 716 2523 epistolarum
748 2438 842 2504 libris
878 2439 1016 2529 integris
1050 2440 1170 2508 litteris

120 2522 322 2612 particulam
348 2514 527 2609 qnoniam·
541 2522 731 2609 scripserat.
779 2525 898 2592 Fuisse
923 2540 1037 2592 autem
1063 2526 1170 2593 libra-

121 2625 217 2702 rios,.
238 2623 297 2709 qui
327 2622 527 2710 compendio
553 2612 625 2715 qud
649 2624 849 2716 particulam
870 2630 1007 2716 quando
1029 2628 1172 2695 indicari

120 2707 335 2798 putaverint,
363 2730 409 2773 ex
428 2710 544 2776 multis
573 2711 694 2779 coniici
720 2713 802 2779 locis
819 2725 957 2802 potest,
992 2717 1170 2802 inquibus

121 2796 271 2861 diversae
292 2795 501 2882 scripturae,¹
532 2798 671 2882 quaein
694 2799 865 2865 codicibus
892 2792 1171 2888 deprehenditur,

120 2880 215 2969 origo
235 2879 284 2945 sic
304 2892 436 2947 tantum
464 2881 642 2947 manifesta
662 2883 717 2960 fit,
754 2885 783 2951 si
810 2887 849 2953 in
878 2887 993 2952 codice
1006 2924 1009 2929 ·
1022 2884 1080 2966 eo,
1123 2908 1171 2953 ex

121 2988 207 3067 quo,
240 2966 297 3051 qui
322 2965 364 3035 ed
385 2989 673 3053 nospervenere,
695 2970 760 3036 orti
787 2983 884 3053 sunt,
928 2970 1170 3063 compendium

120 3090 188 3155 qno
209 3089 272 3154 pro
295 3066 458 3154 particula
488 3071 652 3155 quomam
679 3073 827 3161 positum
857 3073 960 3141 fuisse
988 3076 1170 3142 sumimus.

120 3150 297 3221 Eiusmodi
318 3153 461 3235 illaest,
486 3156 553 3240 qui.
564 3159 686 3247 legitur
705 3160 743 3226 in
766 3161 915 3227 oratione
936 3184 1001 3251 pro
1022 3164 1069 3229 A.
1081 3163 1171 3229 eae-

121 3241 198 3307 cina
230 3239 268 3303 C.
290 3238 372 3305 XII.
402 3241 432 3327 §
465 3239 517 3308 55.
539 3264 573 3311 v,
600 3268 648 3328 r.,
683 3246 724 3312 de
753 3269 820 3335 quo
847 3247 925 3313 vide
952 3270 1038 3335 quae
1064 3270 1171 3339 supra

121 3346 326 3423 monuimus.

142 3488 148 3495 .
179 3441 285 3506 .Non
314 3440 426 3508 minus
453 3456 582 3512 certum
611 3461 679 3532 est,
709 3450 947 3537 compendium
974 3432 1042 3537 qud
1063 3450 1168 3517 etiam

119 3547 186 3613 pro
198 3572 202 3579 -
214 3550 318 3615 quom
346 3526 506 3616 particula
526 3555 546 3595 a
566 3535 737 3601 nonnullis
755 3537 901 3601 librariis
924 3560 996 3603 esse
1020 3558 1174 3625 usurpa-·

120 3623 211 3697 tum,
241 3612 276 3678 id
298 3614 385 3700 quod
408 3638 448 3680 eo
463 3616 583 3683 minus
603 3621 704 3686 babet
724 3622 934 3703 offensionis,
962 3645 1030 3708 quo
1051 3624 1168 3687 notius

122 3708 171 3793 est
192 3699 233 3763 ed
257 3698 400 3765 litterum
419 3699 555 3769 finalem
576 3729 612 3770 m
633 3706 883 3794 significandam
896 3706 1168 3794 frequentissime

118 3780 276 3861 librarios
300 3784 425 3852 lineola
449 3812 551 3878 snper
579 3793 794 3859 antecedente
814 3794 920 3861 vocali
947 3793 1060 3881 posita
1088 3816 1169 3859 usos

122 3889 205 3945 esse.
246 3869 294 3934 Ita
314 3873 447 3972 saepius
467 3897 487 3939 a
507 3896 563 3941 me
584 3877 781 3961 adnotatum
800 3879 966 3969 reperies,
993 3878 1030 3944 in
1052 3879 1168 3957 ecdico¹

120 3967 316 4049 Erfurtense
356 3998 423 4063 quo
451 3978 614 4066 scriptum
636 3994 785 4065 exsere,
820 3984 878 4061 ubi
899 4006 968 4049 non
989 3972 1167 4070 quoniami

121 4062 223 4139 quam
252 4058 452 4159 particulam
478 4062 542 4151 isto
578 4070 778 4157 compendio
814 4070 893 4137 alibi
927 4068 1068 4150 indicat,
1102 4066 1168 4147 ,sod

122 4161 201 4207 cum
217 4145 387 4232 „particula
415 4150 602 4239 necessario
630 4155 811 4241 requiritur
832 4155 1041 4241 aliorumque
1070 4151 1167 4220 codi-

122 4247 200 4294 cum
217 4230 415 4307 auctoritate
441 4233 510 4302 iam
531 4249 665 4327 recepta
691 4251 751 4337 est.
795 4242 860 4309 His
888 4242 969 4329 ipsis
990 4252 1105 4307 autern
1127 4239 1165 4305 in
