2634 4748
143 247 204 319 {ll

138 415 275 495 praeter
303 403 401 471 ilium
428 402 580 471 codicem
614 405 832 473 continebant
862 408 972 476 libros.
1003 376 1102 491 ictos,
1145 413 1188 477 ad

138 514 248 557 unum
268 513 387 558 omnes
409 503 521 558 essent
539 492 704 558 lacunosi.

222 640 337 732 Itairue
356 655 489 712 tantum
509 644 597 721 mihi
616 644 736 710 videor
756 645 960 711 confirmare
978 668 1097 735 posse,
1125 672 1186 714 co-

137 729 246 798 dicem
258 731 493 798 Erfitrtensem
508 743 599 796 certe
619 754 689 797 non
709 732 818 797 serius
840 755 945 833 quam
959 734 1069 819 seculo
1084 734 1186 805 XIV.

136 844 210 885 esse
237 818 418 906 scriptum,
452 819 489 884 id
508 816 601 918 quod
625 817 794 884 scribendi
815 829 916 886 enam
936 841 1058 906 genus,
1092 823 1184 908 quod

134 916 336 994 usurpatum
363 904 401 969 in
430 927 471 969 eo
497 906 672 983 videmus,
714 906 795 971 satis
822 927 994 1057 superque
1025 905 1182 974 declarat.

135 990 216 1078 Quo
238 1014 323 1059 vero
342 1002 413 1055 tem
440 1011 500 1055 ore
513 989 556 1057 sit
577 1001 746 1072 exaratus,
766 989 842 1057 aliis
885 991 1111 1059 'iudicandum
1124 1017 1184 1060 re·

133 1078 267 1163 linquo,
310 1077 369 1164 qui
395 1012 550 1166 piurium
576 1076 744 1142 librorum
765 1077 1097 1166 manuscriptorum
1118 1102 1183 1152 usu

132 1165 257 1231 rectius
282 1185 384 1250 quam
405 1186 467 1250 ego
485 1162 528 1227 de
549 1161 703 1228 codicum
722 1174 830 1228 aetate
851 1163 1034 1238 decernere
1053 1163 1183 1231 didice-

132 1262 225 1317 runt.
266 1253 398 1318 Eorum
426 1247 534 1333 gratia
560 1248 734 1336 specimen
761 1249 948 1338 scripturae
979 1250 1052 1317 eim
1076 1251 1182 1340 lapidi

131 1335 400 1424 imprimendum
420 1357 557 1420 unaque
583 1352 661 1401 cum
683 1335 844 1403 varietate
862 1335 1048 1403 lectionum
1069 1338 1182 1403 divul-

132 1424 282 1509 gandum
302 1419 432 1489 curavi.
485 1419 541 1486 Ex
561 1443 629 1507 quo
657 1420 843 1509 specimine
870 1422 974 1488 simul
998 1423 1181 1512 interpun-

130 1510 233 1610 gendi
252 1509 357 1588 ratio,
385 1529 451 1594 qua
470 1506 629 1583 librarius
649 1529 713 1596 per
735 1517 846 1573 tatum
864 1508 993 1574 librum
1016 1532 1098 1575 usus
1120 1523 1181 1590 est,

130 1596 271 1683 intelligi
291 1606 410 1682 potest.
439 1593 560 1658 Solum
574 1590 667 1661 enim
689 1604 866 1681 punctum,
881 1602 1057 1681 nunquam
1082 1619 1180 1662 com-

130 1704 187 1747 ma
209 1684 248 1748 ui
317 1682 403 1757 avit,
438 1678 541 1765 idque
561 1700 631 1743 non
654 1679 793 1744 infimae
810 1679 930 1746 literae
950 1683 1180 1749 antecedentis

130 1768 189 1835 sed
215 1791 252 1835 m
296 1775 348 1833 iae
368 1767 457 1853 parti
476 1787 519 1852 ap
565 1764 641 1831 suit.
683 1763 753 1832 Ubi
778 1787 907 1831 nomeu
928 1790 993 1856 per
1015 1789 1180 1857 compen-

129 1856 226 1921 dium
245 1878 316 1920 una
335 1851 505 1918 indicatur
544 1850 656 1935 itera,
698 1849 836 1917 duobus
859 1852 1018 1941 utrinque
1042 1855 1178 1944 punctis

129 1941 285 2028 cingitur.
322 1939 453 2004 Graeca
468 1938 571 2004 verba
590 1938 699 2004 sicubi
713 1937 1052 2022 describenda-erant,
1072 1942 1179 2010 libra-

128 2029 201 2094 rius
230 2025 357 2114 partim
384 2023 514 2108 graecia
548 2025 680 2112 partim
710 2023 824 2097 latinis
854 2036 906 2092 est
930 2026 1049 2092 litteris
1084 2051 1176 2093 usus.

128 2114 306 2185 Praeterea
321 2112 370 2176 de
391 2109 645 2198 orthographia,
665 2132 751 2197 quae
770 2109 911 2196 dicitur,
931 2111 1055 2176 codicis
1077 2123 1111 2176 et
1132 2113 1176 2177 de

129 2197 338 2300 compendiis
359 2195 547 2295 scribendi,
578 2196 702 2282 quibus
722 2220 804 2266 usus
823 2197 983 2268 librarius
1004 2209 1070 2282 est,
1089 2198 1174 2265 haec
1239 2228 1243 2239 ·

127 2287 215 2356 mibi
235 2284 310 2354 visa
328 2294 408 2353 aunt
430 2281 611 2351 mouenda.
1025 2329 1029 2335 .

199 2550 266 2673 De
288 2549 563 2651 orthographia
590 2561 630 2623 ct
655 2548 879 2650 compendiis
901 2545 1100 2624 scribendi.

208 2737 251 2803 In
272 2734 447 2803 enatandis
468 2734 687 2815 lectionibus,
719 2732 841 2822 quibus
863 2730 971 2798 codex
994 2740 1109 2796 noster
1129 2729 1173 2795 ab

126 2820 273 2890 editione
300 2824 498 2889 Ernestiana
524 2821 718 2901 recedebat,
762 2829 880 2907 sponte
907 2827 1018 2905 patet,
1053 2814 1175 2882 inutile

125 2908 228 2977 fuisse
249 2932 290 2976 ea
310 2929 581 2975 commemorare
600 2904 767 2972 scribendi
787 2926 933 2994 genera,
975 2925 1064 2990 quae
1087 2925 1173 2971 cou-¹

124 3006 250 3061 atamer
270 2994 312 3058 ab
333 2994 471 3061 librario
491 3004 654 3082 usurpata
673 2991 987 3058 animadverteram.
1018 2990 1070 3057 Eo
1092 3011 1174 3077 per-

123 3083 235 3148 tinent
267 3080 434 3157 millieuc,
481 3081 651 3169 quotiens,
694 3079 837 3160 tatiane,
877 3075 988 3144 tribus
1021 3075 1174 3163 exceptis

121 3166 205 3234 loeis
227 3168 263 3233 in
285 3167 500 3233 Orationibus
522 3165 565 3232 de
586 3165 772 3258 provinciis
793 3187 886 3230 cons.
907 3173 943 3230 et
962 3185 1028 3263 pro
1040 3162 1173 3229 Archia

121 3265 241 3342 poeta,
263 3253 323 3318 ubi
344 3251 444 3318 toties
464 3254 612 3352 positum
632 3263 704 3330 est3'
750 3271 829 3319 arro
849 3249 990 3317 cottidie
1009 3259 1045 3314 et
1066 3249 1174 3315 cotti-

123 3339 272 3418 dianus3
302 3339 490 3426 posttridie
510 3363 573 3428 pro
591 3277 781 3430 postridie,
832 3337 995 3424 uiaquam
1016 3345 1050 3398 et
1070 3335 1173 3422 quic-

122 3424 210 3513 quid
226 3449 290 3516 pro
316 3425 506 3514 quidquam
526 3437 562 3492 et
581 3425 763 3514 quidquid.
798 3360 908 3491 ione
930 3421 1035 3488 verbo
1057 3421 1173 3488 iacere

122 3535 200 3579 cum
220 3511 524 3601 praepositionibus
544 3513 658 3579 iuncto
679 3533 813 3598 semper
834 3531 939 3574 unam
960 3518 1092 3573 tantum
1111 3508 1172 3574 lit-

121 3608 231 3664 teram
255 3599 271 3664 i
298 3599 432 3676 tribuit,
466 3596 610 3686 ideoque
639 3594 790 3674 abicere,
829 3596 996 3674 conicere,
1030 3594 1170 3676 deicere,

118 3686 273 3773 proicere
293 3697 355 3759 ete.
375 3684 502 3749 scribit.
537 3683 754 3753 Pronomiuis
770 3680 899 3748 formas
912 3680 941 3747 ii
961 3692 995 3746 et
1013 3680 1058 3747 iia
1078 3702 1169 3745 nuu-

120 3793 225 3858 quam
253 3769 324 3838 vidi
353 3783 548 3859 usurpatas,
589 3770 648 3836 sed
677 3792 811 3857 semper
831 3767 869 3833 ti
889 3778 923 3833 et
944 3765 1009 3833 Itis.
1064 3761 1168 3864 Quod

121 3879 228 3942 genus
256 3855 426 3923 scribendi
456 3879 536 3921 cum
562 3855 599 3922 in
628 3855 796 3944 plerisque
824 3854 996 3931 codicibue
1023 3851 1168 3935 antiquis

120 3955 205 4011 esset
225 3955 441 4028 usurpatum,
462 3942 590 4011 factum
610 3954 678 4021 est,
699 3954 738 4007 ut
761 3939 956 4007 etiamnunc
975 3935 1168 4026 saepissime

119 4031 130 4065 ·'
178 4027 215 4048 “⁸
254 4027 349 4091 *onis
368 4028 580 4115 aliorumque
595 4029 798 4116 scriptorum
810 4027 992 4093 latinorum
1006 4022 1167 4110 operibus

314 4112 422 4211 posita
448 4114 532 4212 siut,
573 4116 631 4180 ubi
654 4113 863 4204 pronominis
883 4114 914 4181 ia
930 4111 1062 4183 formae
1083 4108 1112 4175 ii
1132 4120 1167 4176 et

314 4218 373 4263 tric
394 4212 627 4287 requiruntur.
