2634 4748
151 270 239 323 lut

149 424 328 506 sorvorum
354 426 546 501 liniebatur
567 433 612 502 ab
639 416 708 516 eo,'
727 440 803 527 oni
827 438 920 508 nileil
944 441 1014 511 'sibi
1035 442 1210 538 umquoni

150 544 210 591 noo
231 522 357 603 facere,
378 542 441 587 isso
510 522 540 589 ti
561 525 796 612 turposluxic.
1072 548 1075 553 ·
1114 574 1118 579 -

221 597 316 676 ⁸Post
336 631 375 674 eo
396 544 506 679 ouidiin
511 609 622 677 clodio
643 622 772 699 etpost
794 624 906 703 turpe,
924 638 1007 687 esse.
1026 618 1207 688 ‹Horou-

148 706 220 770 tem
240 698 314 762 loco
331 719 347 759 s
373 695 488 761 urium
505 718 578 761 esse
593 697 706 765 clodio
723 721 792 763 non
806 704 971 768 sententia
983 705 1050 770 loci
1068 716 1214 775 tautum·

148 781 262 864 docet,
298 806 334 847 se
379 782 502 847 diserte
526 781 628 848 etism
650 795 793 850 testatur
813 785 997 872 Aesonius,
1036 791 1207 861 adnotans
1234 776 1247 791 ⁸

146 870 190 935 ed
213 871 303 933 huno
323 866 646 954 locum=·Profoolo
665 870 886 961 intelligitur,
906 880 954 949 P.
970 871 1133 950 Clodiani
1143 880 1206 946 ''si-¹

141 952 321 1046 gnifiouri.
1064 990 1067 995 ‚

232 1041 271 1106 C.
297 1040 357 1108 VI.
378 1043 412 1124 §.
439 1059 488 1105 12.
512 1060 609 1125 spem
638 1036 764 1107 liotore
791 1067 816 1108 a
845 1044 984 1112 tribuno
1000 1046 1143 1136 plebiis
1168 1054 1205 1118 si

143 1138 209 1194 luo
229 1126 376 1194 oonsilio
406 1142 487 1190 cum
516 1126 578 1193 illo
598 1127 832 1196 coniunxisse
858 1131 971 1201 denuo
992 1148 1069 1235 post
1089 1127 1209 1241 plebis

143 1215 236 1280 addit
256 1213 366 1279 clodio
386 1213 538 1290 antonio,
557 1233 762 1302 quamquem
783 1217 865 1303 quid
882 1230 1048 1289 antonius
1062 1221 1120 1291 luo
1133 1222 1200 1292 sibi

142 1298 243 1378 velit,
265 1323 333 1364 non
354 1297 518 1385 intelligo·
640 1330 645 1335 ·
1195 1324 1198 1331 ·

228 1388 267 1455 C.
283 1385 344 1451 IX.
367 1386 462 1472 §.19
485 1405 594 1472 oeque
615 1405 679 1474 ego
700 1384 877 1455 cessissem
890 1424 935 1467 -,
952 1390 986 1456 si
1004 1392 1094 1459 milii
1115 1418 1195 1463 oum

140 1471 202 1539 illo
223 1472 405 1542 bustuario
421 1469 623 1558 gladiatore
635 1504 679 1522 -·
698 1471 950 1542 decertandum
961 1475 1097 1567 suisset
1111 1472 1198 1550 snte'

140 1559 205 1631 illo
225 1558 318 1624 addit
337 1558 461 1626 clodio.
962 1636 966 1641 ·

211 1648 265 1712 ¹0.
286 1645 363 1712 Vll.
385 1646 414 1732 §.
440 1647 491 1710 14.
519 1664 605 1708 nom
625 1643 750 1710 relatio
775 1643 841 1710 illo
862 1645 1033 1733 solutoris
1053 1651 1196 1729 etdili-

134 1752 224 1826 gens
240 1729 371 1821 fuerat
398 1728 573 1797 cotuuliss
614 1728 871 1798 ouiosodoersio
899 1744 962 1800 eto.
990 1732 1084 1802 addit
1112 1761 1194 1805 cum

135 1819 210 1894 aliis
231 1817 401 1891 codicibus
421 1819 536 1906 inepte
556 1826 634 1881 ants
656 1816 807 1887 consulis
826 1817 1032 1889 adiectivum
1054 1820 1154 1891 bono.

222 1905 264 1972 C.
285 1903 346 1970 xl.
369 1903 398 1988 S·
411 1901 464 1969 26.
488 1901 590 1968 cuius
609 1901 753 1969 domum
773 1903 823 1971 od
842 1927 958 1973 meam
978 1907 1194 1978 exhaurien-

135 1989 222 2066 dum
268 2000 324 2055 'ote
342 2010 460 2055 eoeros
480 2001 557 2076 post
576 2009 692 2053 msom
713 1990 808 2056 addit
828 1991 982 2061 domum.

222 2012 266 2146 Cli
343 2074 418 2159 .X·
447 2073 477 2158 S.
499 2094 547 2139 os.
591 2074 769 2163 Scripsisli
789 2078 901 2158 euim,
938 2078 1063 2147 cedant
1082 2103 1190 2148 armo

133 2174 236 2253 logos
256 2174 335 2251 post
355 2162 446 2227 enim
467 2159 558 2226 addit
579 2182 712 2229 uersus·
1189 2173 1197 2187 ⁶

138 2250 142 2265 '
204 2242 324 2338 ‘saepe
345 2249 445 2313 etiam
468 2247 589 2332 glossa,
614 2269 701 2334 quse
722 2250 891 2338 superseri
916 2260 949 2317 te
969 2260 1050 2333 eret,
1070 2272 1181 2339 genu·
1231 2258 1234 2262 ’

71 2368 74 2373 ·
131 2337 227 2406 lnam
248 2357 370 2402 vocem
390 2334 529 2423 expulit.
564 2334 649 2401 Eius
670 2336 827 2426 exempla
847 2272 954 2405 coiux
974 2335 1182 2403 Erfurtensis

130 2424 216 2492 hoec
237 2422 384 2510 praebet.
906 2450 909 2455 ¹
1050 2432 1053 2437 '
1230 2426 1232 2430 '

219 2511 257 2576 C.
278 2509 335 2576 ΙΠ.
358 2509 388 2592 §·
412 2508 444 2574 6.
481 2503 573 2572 Mitt
593 2504 651 2573 lu‘o
671 2507 728 2574 oir
747 2507 974 2594 clarissimus,
993 2508 1056 2598 qui
1073 2532 1182 2598 prop-

128 2608 184 2666 ter
203 2607 237 2664 te
261 2595 355 2663 sedet
376 2615 442 2682 pro
466 2604 610 2684 propter
630 2593 733 2661 habet
756 2596 870 2663 iuxta.
911 2598 1047 2664 Revera
1067 2609 1183 2665 autem

128 2685 231 2751 iuxta
252 2687 400 2771 glossam
421 2702 513 2761 esre,
534 2692 627 2770 potet
648 2705 693 2747 ex
713 2681 889 2748 Arusisno
911 2683 1043 2767 Messo,
1064 2685 1182 2771 quiin

128 2770 305 2859 Exemplis
333 2768 463 2835 Elocut.
497 2767 539 2833 ab
573 2766 619 2833 A.
648 2769 743 2834 Maio
775 2768 856 2834 edit.
885 2792 920 2859 p.
951 2771 1020 2857 592.
1048 2770 1182 2837 scribit:
1224 2831 1233 2849 ,

127 2860 279 2946 Propter
298 2867 349 2933 te,
371 2855 475 2921 iuxta
497 2865 546 2934 ts,
568 2854 640 2920 Cio.
663 2855 702 2918 iu
720 2855 894 2924 Pisonom'.
935 2855 1006 2922 Hio
1026 2854 1081 2924 oir
1100 2860 1181 2928 olo-

127 2945 299 3015 n'ssimus,
322 2941 384 3027 qui
402 2950 543 3026 propter
564 2949 599 3004 to
620 2940 725 3017 seclst,
747 2942 883 3009 Lucius
904 2939 1052 3007 Gellius·
1162 2938 1166 2961 ¹

214 3030 252 3096 C.
272 3026 354 3093 XV.
378 3026 408 3111 ᾗ.
431 3025 483 3092 56.
535 3047 575 3090 ro
595 3025 790 3093 diribitores
810 3027 910 3094 habet
929 3027 1179 3098 distributores.

125 3116 225 3185 Hanc
246 3116 354 3201 ipsam
380 3133 462 3176 vero
490 3045 635 3195 glossam
658 3137 738 3179 cum
764 3112 921 3179 nonnulli
941 3106 1092 3181 'editores
1113 3138 1201 3205 prov

125 3227 206 3268 vera
231 3197 411 3265 habuerint
432 3198 612 3286 scriptura,
651 3201 859 3286 omninoque
884 3201 982 3266 verbi
1003 3200 1177 3269 diribendi

123 3287 322 3374 significatio
345 3305 485 3370 prorsus
506 3286 612 3349 latere
632 3286 789 3352 videatur
807 3286 900 3351 viros
924 3286 1057 3365 doctos,
1099 3289 1172 3355 sin·
1243 3309 1250 3321 ·

122 3375 232 3464 gulosi
260 3392 408 3439 excursu
436 3370 500 3434 sub
527 3369 633 3436 finem
655 3371 875 3461 praefationis
901 3372 984 3462 quid
1009 3373 1175 3460 significet

122 3462 268 3530 verbum
288 3455 371 3525 illud
394 3479 577 3544 exponam.

208 3542 454 3632 Progredimur
481 3542 525 3608 ad
558 3563 615 3610 eos
649 3542 760 3624 locos,
801 3544 839 3610 in
866 3541 989 3630 quibus
1018 3545 1172 3612 codicum

120 3633 334 3724 quorundam
361 3630 557 3695 auctoritate
587 3629 750 3695 eiicienda
783 3640 863 3694 sunt
889 3628 996 3698 verba
1022 3632 1174 3712 insititio,
1212 3647 1216 3653 ’

120 3742 206 3810 quse
227 3718 269 3783 ab
292 3716 476 3782 editoribus
496 3715 534 3779 in
555 3727 686 3780 textum
707 3727 789 3780 sunt
809 3727 954 3804 recepta.
1008 3716 1011 3721 ’

206 3806 245 3873 Ο.
267 3805 292 3869 Ι.
315 3805 344 3888 §.
368 3824 398 3868 2.
441 3801 533 3870 Mitti
552 3802 624 3867 isto
640 3801 720 3866 licet
736 3798 781 3866 ds
795 3823 848 3869 me
862 3825 946 3868 uera
962 3823 1042 3867 cum
1052 3802 1172 3893 gloria

113 3891 339 3982 praedicares
382 3910 498 3956 omnes
526 3888 618 3954 onim
646 3887 787 3955 honores
811 3890 966 3977 populus
987 3887 1173 3980 Romanus

117 3979 208 4048 milri
229 3975 306 4064 ipsi,
328 3973 459 4041 lrourini
480 3998 576 4054 nouo,
599 3974 738 4042 detulit.
916 4042 919 4048 ,
948 3986 949 3991 ’
1178 4006 1182 4015 ·

195 4063 259 4129 eis
280 4061 371 4128 enim
394 4060 550 4141 editores,
570 4061 672 4130 etiam
693 4058 858 4134 Orellius,·
874 4057 1089 4146 scripserunt,
1111 4067 1169 4148 qui

117 4152 146 4220 si
167 4150 322 4216 codicum
349 4148 569 4235 scripturam,
603 4149 735 4235 locique
763 4145 964 4212 sententiam
990 4145 1171 4232 diligenter

117 4236 394 4317 mstdsrssssnt,
415 4235 597 4322 genuinam
618 4233 789 4325 Cirsronis
811 4253 953 4303 manum
975 4234 1170 4323 eorrupisse
