2640 4748
1074 89 1085 121 l

1034 278 1147 329 xcvu
1221 311 1223 315 ,

90 447 255 530 possunt,
282 435 359 505 Lib.
379 433 442 502 tx.
463 455 517 526 sp.
550 457 600 509 rr.
623 457 654 525 p,
678 434 750 507 248.
779 434 1007 528 quoniam-
1027 461 1064 506 es
1084 439 1143 525 oz?

95 547 217 604 surus,
239 533 273 586 et
292 517 369 588 Lib.
391 521 488 593 xlv,
509 525 617 623 epu.
640 546 672 613 p.
685 518 760 610 457.
782 523 945 610 quoniam
959 526 1140 614 -placet

95 613 134 679 ln
161 608 299 695 reliquis
336 607 427 674 locis
447 618 577 697 quoties
606 618 721 695 quum'
750 608 950 695 particulam
985 612 1157 691 mutavit,-

97 695 233 785 quando
257 694 458 780 particulam
479 694 659 769 substituit.
700 692 953 780 Nequetamcn
974 697 1040 763 hoc
1060 698 1142 768 fecit

95 784 170 850 sine
191 779 348 846 codicum
368 779 572 851 auctoritate,
615 780 710 846 Nam
727 781 788 853 etsi
809 780 819 844 i
846 804 881 844 se
902 782 1013 847 nullos
1035 805 1141 850 usur-2

96 866 182 959 pavi,
195 867 342 947 codices,
362 864 398 931 in
420 865 538 952 quibus
561 875 652 953 eam,
683 886 784 952 quam
837 867 1141 958 rnestius'reeepit,
1174 868 1175 873 ’
1207 906 1215 923 ι

93 954 296 1040 scripturam
321 964 451 1019 exstare
473 951 632 1032 viderim,
663 962 778 1017 tamen
799 975 869 1018 uon
889 966 972 1038 puto
994 953 1142 1025 dubitari

61 1104 66 1117 ,
94 1061 211 1130 posse,
255 1037 338 1126 quin
366 1059 444 1126 pars
469 1037 623 1105 codicum
649 1035 686 1103 in
713 1035 869 1105 omnibus
891 1037 964 1103 fere
986 1039 1027 1106 iis
1046 1040 1140 1115 locis,

93 1145 132 1212 in
162 1142 281 1229 quibus
309 1140 574 1211 Laurentiannm
594 1140 690 1206 illum
716 1125 772 1228 qm
800 1137 927 1207 habere
955 1154 1059 1230 Ριιῑο,Ι
1093 1127 1141 1232 qu

89 1229 259 1316 scribant,
279 1249 356 1293 cum
379 1226 413 1289 in
432 1225 602 1309 veteribus
625 1225 844 1305 editionibus,
864 1232 952 1313 quae
971 1249 1041 1297 nou
1059 1243 1141 1296 sunt

94 1314 137 1382 ad
164 1313 268 1381 fidem
295 1311 508 1380 Victorianae
543 1310 743 1400 impressae,
786 1322 976 1378 constanter
1000 1316 1140 1405 quando

65 1420 74 1443 ''
94 1419 153 1488 vel
172 1402 225 1505 φῖ
238 1414 337 1481 scribi
353 1408 662 1492 animadverterim,
683 1409 741 1478 ubi
759 1410 1012 1483 'inVictorianis
1030 1439 1141 1506 quum
1252 1423 1259 1439 ⁴
1281 1412 1283 1420 ’

94 1504 263 1574 scribitur.
311 1498 351 1566 In
379 1498 459 1565 istas
485 1508 601 1565 autem
633 1496 796 1566 editiones
828 1520 898 1566 non
924 1500 1152 1589 Victorianas,

93 1594 449 1755 particulampunnde
469 1603 526 1670 vel
548 1584 598 1689 qn*
613 1625 657 1667 ex
678 1601 854 1670 codicibus.
867 1615 1036 1705 receptam
1055 1619 1140 1689 esse,

93 1715 196 1762 nemo
241 1708 302 1780 pro
318 1699 390 1786 ecto
429 1688 493 1752 erit
527 1687 609 1773 quin
652 1687 825 1774 intelligat.
854 1687 1019 1786 *Ubique
1055 1715 1139 1759 vero

94 1795 297 1883 scripturam
310 1867 313 1871 ,
326 1815 384 1879 qm
411 1786 675 1877 praeferendam
699 1790 797 1857 alteri
827 1812 872 1879 qn
895 1814 982 1870 esse,
1017 1791 1080 1857 vel
1108 1792 1139 1859 is

94 1882 274 1957 concedet,
305 1875 369 1965 qui
382 1876 599 1942 Laurentiaui
619 1877 718 1965 longe
739 1874 901 1942 maiorem
924 1900 995 1942 esse
1019 1889 1140 1942 auclo-

95 1967 231 2034 ritatem
251 1964 431 2050 reputarit,
452 1983 552 2048 quam
573 1962 780 2050 reliquorum
796 1964 949 2028 omnium
971 1961 1139 2029 codicum.
1218 2022 1220 2026 .

95 2051 239 2120 Accedit
261 2056 372 2114 autem
393 2048 560 2115 sententia
579 2047 662 2129 loci,
685 2046 928 2136 quam'deinde
948 2048 1138 2115 videbimus
1192 2065 1194 2069 “

41 2151 44 2157 ’
94 2158 266 2224 nunquam
294 2157 363 2200 non
390 2156 549 2222 respuere
575 2134 711 2225 quondo
741 2133 972 2224 particulam,
992 2134 1137 2202 alteram

92 2247 176 2292 vero
191 2221 362 2313 'quoniam
382 2219 601 2287 vehementer
620 2222 816 2307 requireres
935 2299 938 2303 Ι
1032 2277 1035 2284 ,

172 2307 247 2376 sed
269 2328 386 2383 omnes
407 2304 639 2385 mirabuntur,
669 2307 728 2392 qui
748 2306 875 2372 factum
894 2306 955 2385 sit,
985 2306 1076 2393 quod
1096 2305 1139 2387 in¹

93 2397 242 2485 quinque
263 2392 433 2482 prioribus
455 2391 547 2456 libris
568 2391 798 2481 Epistularum
818 2389 858 2463 sd
880 2390 1042 2460 Diver'sos
1066 2394 1139 2456 unu

94 2493 238 2571 excepto
258 2480 333 2543 loco
363 2476 439 2542 Lib.
460 2477 507 2545 V.
531 2498 584 2565 ep.
607 2495 660 2546 20.
680 2479 814 2566 p.,1·55.
836 2498 944 2562 quum
966 2477 1006 2545 iol
1023 2489 1057 2544 te
1077 2476 1137 2544 oi-

93 2571 157 2639 deo
179 2562 392 2643 desiderare,
424 2561 482 2626 nbi
505 2573 616 2630 tamen
638 2562 802 2650 quoniam
822 2562 973 2652 Ma1tyni
993 2565 1138 2651 Laguna·

90 2653 253 2727 restituit,
272 2659 363 2714 recte
376 2646 434 2713 ubi
458 2667 501 2709 ue
517 2648 679 2734 quoniam
697 2649 858 2734 particula
870 2650 991 2734 scripta
1015 2659 1145 2726 exstet*

92 2744 132 2808 in
152 2735 292 2825 reliq-uis
320 2755 401 2799 vero
421 2667 515 2799 libris
542 2733 632 2798 male
659 2733 757 2819 calin
786 2748 894 2821 quum
921 2735 977 2832 vel
999 2731 1136 2820 qnando

92 2837 223 2892 mutata
250 2819 447 2910 reperiatur.
496 2817 603 2907 Atqui
629 2818 727 2887 huius
757 2840 894 2991 guoque
921 2841 973 2883 rer
1001 2838 1137 2882 causam

92 2909 312 3004 probabiliter
324 2916 415 2993 ‘puto
434 2904 593 2992 explicari
611 2928 719 2994 posse.

92 2998 208 3065 multis
235 2993 347 3062 verbis
376 2990 504 3080 duplex
529 3013 550 3056 a
570 2991 717 3074 librariis
743 3001 945 3078 usurpatum
971 3010 1137 3076 compen-

93 3085 189 3151 dium
212 3093 280 3159 est,
316 3100 402 3166 quae
431 3077 693 3148 retmultorum
722 3099 877 3146 errorum
897 3075 975 3144 fons
997 3072 1137 3153 exstitit,

33 3244 36 3257 .
75 3176 202 3286 *veluti
219 3207 283 3272 pro
303 3193 421 3247 tamen
440 3179 619 3268 particula,
640 3188 837 3268 quae-nnuc
857 3179 906 3246 sic
924 3167 1016 3259 ιαῆι,
1042 3198 1136 3241 nuno
1218 3253 1221 3263 Δ

88 3292 142 3363 ,sic
160 3284 202 3355 tn
224 3284 328 3352 scribi
354 3282 569 3384 consuevit&
582 3282 631 3351 ita
653 3283 755 3349 etiam
782 3284 944 3386 qupniam
969 3280 1135 3372 particula

43 3452 45 3457 ,
90 3415 185 3462 nunc
198 3391 265 3456 hoo
279 3382 482 3475 compendio
496 3399 579 3472 qun,
601 3408 692 3452 nunc
709 3382 774 3451 hoc
795 3407 853 3472 qm
873 3382 1055 3469 significata
1075 3393 1136 3446 est.
1218 3458 1222 3467 Ι

91 3480 194 3548 Prius
208 3473 442 3560 compendium
455 3470 643 3556 antiquiore
663 3482 815 3625 tempore
835 3481 1033 3557 usurpatum
1054 3489 1134 3532 om-

91 3566 257 3648 tribusque
270 3557 351 3624 viris
373 3555 478 3656 doctis
492 3566 611 3622 notum
626 3568 708 3646 puto
745 3556 844 3643 nisse.
889 3555 1022 3650 Seriope
1042 3565 1136 3618 tem-‘

91 3654 178 3826 pbre
208 3661 352 3728 alterum
379 3678 436 3747 qm
452 3658 495 3728 'in
526 3680 590 3725 usu
608 3653 712 3724 fuisse
737 3680 800 3724 nec
819 3657 866 3724 ita
885 3668 923 3722 ut
941 3677 1033 3807 pue,
1047 3654 1074 3719 a
1088 3652 1134 3720 li-

80 3775 89 3783 ’
116 3746 214 3821 r'ariis
231 3747 482 3833 ¹frequentatum
509 3745 660 3824 videtur,
681 3744 728 3810 ita
748 3755 786 3810 ut
806 3743 921 3811 multis
965 3740 1133 3806 ominibus

92 3839 199 3907 doctis
226 3835 326 3926 plane
355 3828 562 3916 incognitum
579 3845 690 3916 terret,
727 3830 769 3896 ab
798 3828 907 3916 iisque
925 3849 996 3978 lpro
1024 3834 1133 3914 quum

92 3925 242 4018 positum
272 3929 455 4009 putaretur.
508 3918 563 3982 Sic
591 3916 747 3985 librarius
775 3914 918 3988 codicis„
957 3910 1135 3993 rfurtensis

94 4010 263 4116 in'prima
281 4026 379 4112 parte
404 4018 482 4087 libri
503 4023 635 4123 semp'cr
650 4018 859 4108 compendio
886 3998 952 4113 prid
972 4036 1051 4080 usus
1074 4006 1135 4094 est}

95 4115 304 4198 alterumque
323 4106 559 4173 tantummodo
572 4128 609 4174 m
625 4105 831 4172 orationibus
846 4104 888 4171 de
901 4103 975 4192 lege
994 4097 1134 4189 agraria,
1210 4139 1219 4146 -

793 2902 1053 2972 uemadmodum
1070 2906 1152 2990 pro*
1242 2978 1247 2983 .

57 4249 65 4261 .
96 4210 131 4293 et
150 4199 187 4270 in
208 4197 302 4272 libris
323 4194 373 4289 'de
393 4193 555 4293 petitione
584 4194 791 4289 consulatus,
818 4188 861 4260 de
880 4192 1067 4273 senectute,
1102 4196 1136 4250 et

564 4325 767 4418 ''18
