2634 4748
162 348 166 355 »
192 270 295 324 cm
336 338 341 355 1

119 412 121 420 ’
193 434 303 502 bellas
323 452 459 532 semper
479 427 684 519 significasse
711 424 918 505 distribuere
946 425 1094 499 tabellas
1121 428 1252 501 mure
1289 526 1293 530 λ

69 550 73 555 ·
193 523 291 610 gium
311 521 439 585 laturas.

279 606 373 674 Idem
393 605 430 671 in
451 615 536 670 orat.
564 601 636 671 Pis.
655 602 694 670 G.
715 602 794 691 XL.
817 603 852 692 §
870 602 927 695 96.
954 605 1041 672 baeo
1070 604 1252 670 commeri-

118 767 121 773 ’
193 704 408 862 ωωῗῦἳηι
429 773 578 842 tultellae
597 775 641 842 de
662 786 697 844 tc
717 774 935 842 diribeantur
955 774 1127 864 duplicem
1146 774 1253 842 habet

196 888 353 936 sensum:
377 877 488 929 certus
510 874 561 927 est
583 886 687 943 unus,
708 862 885 951 proprius,
907 862 1141 950 pervulgatus,
1163 863 1251 929 dum

45 966 51 975 ’
102 996 107 1002 -
194 955 236 1018 de
258 963 292 1017 tc
321 950 448 1016 iudices
468 950 646 1015 mittantur
673 951 710 1014 in
740 948 937 1015 consilium:
971 948 1122 1016 incertus
1151 949 1251 1035 alter,

86 1117 89 1123 ,
193 1038 285 1106 haud
304 1050 423 1103 tamen
445 1037 574 1102 alicnus
596 1058 615 1100 a
636 1031 762 1117 verbo,
784 1035 864 1100 dum
887 1037 1075 1101 sententiae
1094 1024 1251 1101 iudicum

195 1127 236 1191 de
265 1135 300 1188 te
336 1124 424 1188 latae
460 1122 680 1202 dirimantur,
729 1134 768 1187 ut
807 1134 967 1211 appareat
1000 1122 1251 1188 condemnatio.

195 1209 388 1278 Gruchium
418 1208 554 1296 quidem
583 1208 767 1290 Graevius,
815 1208 937 1295 aliique
961 1207 1048 1272 bene
1081 1205 1249 1273 defende-

194 1309 291 1372 runt3
313 1295 394 1361 vide
416 1295 460 1360 ad
481 1318 511 1358 o.
536 1293 588 1359 15.
629 1294 696 1360 Sed
718 1317 821 1361 nemo
842 1295 954 1396 potuit
974 1293 1070 1359 illum
1093 1293 1250 1360 Abramii

196 1406 332 1450 sensum
355 1380 539 1468 absurdum
569 1381 755 1446 ostendere.
798 1384 897 1448 Prtor
918 1404 1035 1446 sensus
1066 1379 1249 1447 difficulta-

195 1483 265 1536 tem
297 1470 397 1534 habet
424 1469 457 1533 in
489 1490 634 1534 numero
662 1467 874 1535 tabellarum.
923 1466 960 1532 Si
982 1466 1073 1533 enim
1102 1479 1172 1532 tres
1194 1477 1250 1532 ta·

106 1578 111 1582 ·
194 1557 304 1622 bellae
339 1555 522 1641 unicuique
557 1551 659 1617 iudici
690 1553 874 1635 dabantur,
912 1575 980 1619 una
1011 1552 1249 1635 damnationis,

195 1644 299 1709 altera
329 1639 369 1706 ad
402 1638 664 1722 absolvendum,
706 1640 749 1704 ad
785 1640 1018 1727 ampliandum
1047 1639 1167 1723 tertia,
1210 1650 1251 1706 ut

195 1728 386 1811 communis
418 1727 532 1814 opinio
562 1722 647 1802 fert,
698 1724 840 1791 iudices·
855 1727 973 1795 XXV.
1003 1726 1142 1792 Tullius
1172 1726 1254 1792 heic

196 1813 445 1882 numeraverit:
468 1833 570 1899 quam
592 1811 811 1898 paucitatem,
834 1814 940 1878 tribus
962 1813 1165 1901 praesertim
1188 1834 1250 1878 or-

197 1903 332 1968 dinibus
359 1899 610 1977 iudicantibus,
628 1898 860 1964 incredibilem
890 1899 1023 1964 dixeris.
1065 1898 1251 1986 Exempla,

90 2062 93 2067 ,
197 2009 284 2077 quae
303 1985 371 2051 viri
393 1983 482 2050 docti
502 1982 572 2048 iam
591 1983 810 2072 collegerunt,
831 1986 921 2051 hunc
943 2008 1130 2053 numerum
1160 1985 1262 2053 elane.

197 2073 403 2142 convellunt.
447 2071 516 2136 Eos
536 2070 616 2135 vide
640 2071 683 2142 ad
705 2093 733 2134 o.
765 2093 817 2158 27.
844 2094 908 2162 pro
932 2072 1065 2139 Cluent.
1099 2007 1178 2139 eti.
1203 2070 1247 2135 ad

137 2238 141 2247 ,
196 2158 350 2229 Att16.
394 2156 425 2222 Is
446 2176 528 2241 ergo
558 2178 674 2222 sensus
697 2159 837 2223 omnino
866 2159 1028 2244 postulat,
1062 2171 1100 2225 ut
1118 2168 1268 2224 tuton--

194 2252 289 2323 ¹tuus,
311 2266 416 2308 unam
437 2242 576 2329 singulis
596 2242 763 2309 iudicibus
783 2244 940 2311 tabellam
954 2243 1138 2311 ministrati
1156 2263 1241 2307 con·

195 2331 359 2411 saevisse,
392 2331 429 2396 in
451 2351 516 2416 qua
545 2330 635 2396 notis
668 2330 734 2396 illis
762 2330 891 2396 usitatis
919 2332 1120 2397 sententiam
1146 2348 1242 2395 suam
1280 2365 1281 2369 =

195 2419 262 2508 ipsi
281 2416 540 2505 perscriberent.
582 2417 705 2504 Neque
726 2417 804 2484 huic
818 2417 971 2506 opinioni
984 2427 1175 2518 repugnant
1195 2423 1246 2493 e'a,

196 2527 284 2594 quae
306 2502 407 2569 tradit
434 2502 602 2572 Asconius
632 2501 673 2569 ad
702 2503 821 2570 Divin.
844 2514 896 2592 '7.‚
939 2517 998 2570 aut
1024 2527 1098 2591 ipse
1129 2503 1247 2569 Cicero

195 2604 271 2659 tum
291 2589 353 2669 ibi,
385 2589 469 2655 dum
489 2593 552 2671 ait,
582 2600 740 2657 ceratam
763 2591 948 2679 unicuique
969 2587 1138 2657 tabellam
1159 2587 1251 2670 dati,

195 2690 271 2744 tum
292 2701 355 2767 pro
382 2677 516 2743 Cluent.
543 2678 599 2747 58.
621 2700 701 2743 cum
721 2678 824 2743 illam
845 2677 1028 2744 iudicandi
1057 2699 1169 2743 cauea
1190 2685 1250 2741 to·

196 2763 323 2831 bellam
345 2763 551 2852 tempserit,
587 2787 652 2852 pro
673 2761 794 2831 Flacco
816 2764 868 2853 59.
897 2787 978 2830 cum
998 2763 1129 2831 tabella
1153 2760 1250 2830 vobis

196 2851 358 2925 dabitur,
381 2851 533 2931 iudicer,
562 2863 595 2915 ct
616 2873 681 2938 pro
703 2851 788 2918 Rab.
809 2851 899 2917 Post.
922 2852 952 2916 5.
976 2851 1082 2917 datur
1103 2848 1171 2915 tibi
1187 2860 1252 2915 ta-

196 2937 287 3006 tetta
305 2937 442 3003 iudicii.
485 2935 637 3022 Quodsi
666 2937 864 3026 opinionem
884 2936 980 3002 illam
1003 2937 1044 3001 de
1067 2937 1175 3002 tribus
1196 2947 1251 3001 ta-

195 3025 293 3090 bellis
313 3023 495 3110 repudiare
517 3022 700 3104 nonlicet,
733 3034 807 3087 tum
835 3024 920 3090 alter
947 3022 1157 3111 adoptandus
1186 3018 1253 3088 erit

198 3133 276 3176 cum
294 3108 458 3174 Abramio
477 3128 609 3172 seusus:
632 3132 710 3174 curn
731 3110 825 3175 enim
845 3109 993 3190 iudices,
1020 3104 1126 3175 tribus
1148 3102 1250 3174 acce-

195 3199 262 3285 ptis
283 3193 424 3275 tabellis,
444 3214 549 3258 unam
570 3206 705 3262 tantum
728 3207 901 3285 oporteret
919 3197 958 3261 in
980 3218 1101 3261 urnam
1130 3200 1250 3260 'ucm-
1280 3222 1287 3231 ·

196 3304 261 3370 que
284 3280 410 3346 ordinis
432 3279 485 3347 sui
506 3282 686 3364 coniicere,
708 3283 925 3349 manifestum
943 3294 1002 3362 est,
1024 3281 1126 3348 LXX
1164 3325 1173 3344 .
1196 3292 1249 3345 ta-

192 3364 300 3436 bellas
320 3389 385 3455 pro
407 3389 551 3433 numero
571 3368 721 3436 iudicum
740 3369 778 3435 in
799 3369 896 3436 urnis
917 3369 1111 3434 coniunctas
1134 3366 1248 3432 dirimi

196 3466 232 3520 et
253 3453 403 3543 separari
423 3452 587 3540 debuisse,
607 3468 646 3521 ut
666 3479 712 3522 ex
733 3456 863 3522 maiore
885 3456 1130 3522 sententiarum
1150 3464 1247 3542 parte

194 3541 239 3607 de
259 3564 319 3608 reo
345 3540 563 3691 pronuntiari
588 3555 710 3633 posset.
761 3543 919 3625 Accedit,
951 3540 1041 3629 quod
1058 3539 1159 3628 prior
1187 3536 1248 3605 ille

194 3651 310 3707 census
331 3639 477 3694 aterum
494 3630 722 3696 exterminare
734 3629 892 3697 videatur
907 3628 949 3694 ab
963 3651 1028 3693 usu
1050 3625 1246 3692 communit

194 3715 224 3779 si
247 3713 338 3779 enim
359 3725 409 3780 tot
429 3713 554 3781 dentur
573 3717 735 3795 tabellae,
763 3727 846 3804 quot
866 3715 1090 3795 dirimuntur,
1124 3732 1247 3798 easque

194 3798 343 3867 diribere
371 3810 441 3866 ta‘m
472 3801 552 3867 dare
580 3804 639 3886 sit,
673 3825 774 3890 quam
803 3803 980 3883 dirimere,
1018 3812 1136 3867 utrum
1162 3797 1248 3865 velit

196 3887 316 3952 Cicero
328 3887 528 3974 significare,
549 3912 650 3954 nemo
671 3912 832 3977 umquam
845 3887 1063 3956 intellexerit.
1106 3886 1247 3959 Contra,

193 3974 222 4040 si
250 3972 392 4039 tabellae
423 3973 596 4042 CCXXV.
625 3974 698 4040 dari
726 3990 802 4042 tum
838 3979 1092 4054 consueverint,
1129 3970 1247 4036 dirimi

192 4072 306 4125 autem
327 4056 476 4127 LXXV.
498 4060 638 4127 adiectio
660 4064 796 4130 numeri
815 4061 1098 4150 significationem
1118 4057 1170 4125 rei
1190 4055 1247 4122 fa·
1289 4056 1292 4063 '

192 4146 254 4213 cile
277 4145 544 4212 determinabit
567 4148 683 4236 ltaque
704 4149 752 4213 sio
775 4150 880 4238 plane
906 4146 1163 4234 intelligendum
1185 4152 1246 4218 est,

189 4231 222 4299 ri
245 4228 463 4299 diribecntur
482 4230 646 4321 legimus,
667 4234 839 4324 quomodo
861 4232 938 4303 unte
956 4235 1163 4303 Abremium
1186 4228 1245 4297 in-
