2640 4748
208 257 292 333 LXll

206 410 308 495 clinet
326 411 545 499 sententiam,
576 417 617 502 nt
644 420 704 503 aut
722 407 835 500 ipsum
855 407 1055 486 Ciceronem
1073 415 1248 503 ‚quaedam

204 500 413 579 inoratione
437 511 616 587 postquam
638 496 750 564 habita
768 498 838 564 iam
864 510 897 563 et
918 498 1004 569 edita
1026 502 1136 579 essetj
1149 506 1246 581 ''o'or-

202 584 352 666 rexisus,
385 597 444 651 aut
472 586 623 673 antiquos
645 587 714 651 inte
759 582 847 665 retes
869 580 975 663 multa
994 583 1073 650 huic
1099 585 1247 653 orationi

204 668 443 759 explicadouis'
456 674 552 739 eausa
576 673 677 738 verba
698 692 717 734 a
742 668 909 758 scripsisse
929 668 1045 758 putet,
1075 672 1164 760 quae'
1183 672 1249 739 Ci-

204 759 401 824 neronianae
416 756 633 846 orationi'per
653 754 806 823 librarios
826 755 951 823 inserta
966 755 1044 823 sint.
1080 752 1247 835 ‘Priorem

74 860 88 882 ²
168 882 173 887 ·
203 844 404 922 senteutiam
427 864 563 930 prorsus
584 841 840 930 improbabilem
862 864 952 922 esse,
981 864 1051 909 nou
1073 834 1247 939 opps'eslg

201 943 241 999 ut
260 929 467 1015 argumentis
488 926 672 1011 ostendam,
692 948 778 1029 quae
799 922 905 1005 cuivis
922 939 1042 1027 sponte
1050 938 1248 1015 occurrent,

41 1069 45 1078 ,
116 1073 119 1078 .
203 1037 283 1082 cum
306 1016 348 1081 de
368 1015 461 1093 loeis,
484 1012 543 1101 qui
564 1017 705 1081 veniunt
725 1032 762 1079 111
781 1024 1066 1096 ¹controversiam,
1087 1035 1247 1107 expone-

201 1123 301 1189 mua
330 1102 445 1188 Itaque
471 1098 691 1188 interpretum
718 1096 947 1166 additamentis
968 1108 1001 1164 et
1021 1101 1136 1189 glossis
1164 1108 1246 1191 oum

161 1198 176 1227 ¹‘
202 1198 396 1275 corruptam
417 1188 501 1261 lianc
523 1187 707 1251 orationem
727 1206 798 1250 esse
814 1196 941 1251 certum
964 1185 1016 1264 sit,
1038 1192 1247 1276 necesse'est,

74 1276 78 1281 ’
159 1322 162 1327 ·
200 1285 250 1352 ut,
271 1273 298 1337 si
320 1294 388 1337 nou
408 1268 506 1337 liceat
526 1270 650 1358 ubique
670 1266 822 1351 internis,
845 1293 930 1359 qnae
948 1269 1115 1354 dicuntur,
1138 1296 1246 1363 argu·
1305 1313 1312 1323 ι

199 1359 325 1427 mentis
353 1353 595 1439 demonstrare,
638 1368 715 1423 utra
740 1357 942 1436 lectionum,
982 1377 1061 1442 quas
1082 1358 1245 1446 praebent

201 1443 347 1526 codices,
369 1454 409 1508 ut
429 1443 786 1531 genuinarecipienda
805 1442 864 1523 sit,
891 1448 967 1507 aute
989 1443 1102 1508 omnia
1122 1442 1240 1513 sidat·

199 1553 288 1611 mus,
309 1548 535 1617 quorumnam
557 1529 710 1595 codicum
732 1528 879 1594 maxima
894 1527 1048 1594 videatur
1062 1532 1240 1600 auctoritas
1305 1551 1308 1555 “

178 1664 182 1675 .
194 1638 283 1691 esse.
348 1615 446 1700 Quae
473 1616 503 1682 si
531 1615 679 1681 cernitur
706 1638 764 1692 eo,
809 1608 898 1701 quod
926 1632 1087 1701 perquam
1114 1617 1243 1691 ,vetusti

198 1714 296 1777 sunt,
329 1701 386 1767 vel
418 1723 462 1766 ex
492 1698 632 1768 vetustis
654 1694 755 1766 ¹certe
784 1698 1034 1788 exemplaribus
1067 1701 1242 1791 descripti,

120 1819 124 1832 ·
199 1789 298 1875 quod·
311 1788 480 1852 immunes
503 1798 580 1851 sunt
597 1784 857 1873 describentium
880 1784 1027 1867 mendis,
1049 1786 1140 1872 quod·
1160 1788 1255 1855 cum'
1283 1806 1296 1817 ‘

197 1873 412 1960 antiquorum
427 1872 729 1938 Grammaticorum
744 1870 944 1950 testimonio,
959 1872 1015 1957 qui
1030 1872 1120 1938 locos
1133 1895 1240 1961 quos·

195 1961 275 2025 dam
298 1957 397 2023 buius
418 1958 576 2023 orationis
597 1969 879 2036 commemorant,
910 1979 1047 2044 prorsus
1070 1962 1241 2026 consenti-

122 2074 125 2080 ,
197 2057 278 2126 unt,
301 2055 334 2108 et
355 2042 445 2128 quod
468 2040 580 2108 multis
600 2044 637 2110 in
657 2044 748 2124 locis,
771 2040 832 2111 ubi
849 2042 1012 2108 sententia
1031 2045 1105 2131 ipsa
1125 2047 1240 2129 mani·

181 2132 282 2197 ‘sesto
305 2153 366 2196 uos
387 2129 492 2207 docet,
514 2142 589 2194 utra
608 2129 797 2210 lecu'onum,
825 2153 906 2217 quas
927 2125 1074 2195 offerunt
1095 2130 1237 2214 codices,

196 2212 368 2283 Ciceronis
383 2214 433 2294 sit,
443 2237 516 2280 eam
530 2217 637 2304 ipsam
651 2226 839 2294 servarunt,
854 2235 955 2302 quam
971 2210 1155 2302 genuinam
1168 2240 1236 2283 esse

122 2329 125 2335 ·
195 2300 433 2389 intelligimus:
455 2312 527 2366 tum
548 2299 699 2388 profecto
720 2309 811 2370 tante
831 2302 921 2390 apud
942 2323 1003 2366 nos
1025 2303 1146 2369 codicis
1169 2306 1254 2372 Er-'

191 2382 369 2475 ¹l‘urtensis,
401 2389 439 2455 iu
458 2404 561 2473 quem
581 2387 645 2453 ista
664 2387 736 2453 fere
754 2389 867 2454 omnia
888 2385 1025 2468 cadant,
1056 2384 1237 2463 auctoritas

196 2472 294 2539 debet
316 2485 404 2554 esse,
448 2483 487 2538 ut
510 2474 551 2540 in
569 2473 653 2539 locis
672 2474 837 2561 ambiguis
857 2475 962 2541 unice.
979 2474 1051 2541 eius
1072 2477 1238 2565 scriptura

57 2581 61 2595 ¹
110 2626 113 2637 ,
193 2550 368 2650 probanda
389 2553 553 2626 videatur}

175 2664 182 2677 ¹
279 2645 334 2710 Ac
362 2647 513 2734 primum
544 2639 681 2733 quidem
710 2640 790 2725 licet
818 2667 887 2713 nou
920 2641 963 2711 sit
992 2643 1237 2715 vetustissimus
1314 2670 1316 2681 ¹

194 2730 365 2814 codicum,
409 2732 476 2821 qui,
495 2731 583 2799 hano
604 2745 779 2799 servarunt
805 2732 1010 2808 orationem,
1053 2741 1167 2796 tamen
1189 2756 1235 2800 ex

192 2817 419 2884 vetustissimo
440 2813 643 2906 descriptum
665 2841 743 2884 eum
766 2841 854 2899 esse,
890 2816 968 2882 inde
989 2826 1096 2904 patet,
1131 2818 1233 2903 quod,

191 2924 280 2990 quae
300 2925 371 2969 non
390 2916 533 2992 possunt
554 2925 621 2969 non
644 2903 770 2979 offendi
789 2902 914 2970 menda
934 2903 972 2969 in
994 2927 1033 2968 eo
1055 2902 1152 2985 libro,
1173 2907 1234 2992 qui

191 2989 396 3090 permultas
418 2985 632 3075 librariorum
651 3010 771 3055 manus
794 2988 836 3056 ad
856 3012 917 3054 nos
939 2987 1132 3076 pervenerit
1139 2994 1156 3068 ,’
1189 2990 1248 3077 ab

92 3134 95 3138 ,
190 3072 232 3141 sis
253 3073 438 3140 maximam
459 3087 588 3161 partem
608 3093 735 3141 vacuus
756 3081 814 3140 e'st.
857 3075 1016 3156 Accedit,
1041 3077 1233 3160 quodcum

194 3159 428 3246 antiquissimo
455 3162 532 3242 illo,
576 3181 677 3247 quom
702 3160 1078 3248 Peyroniusgcontulit9
1118 3161 1232 3229 codice

191 3243 412 3326 Taurinensi‚
432 3245 493 3334 qui
512 3258 653 3336 partem
665 3247 763 3312 huius
781 3242 936 3312 orationis
951 3247 1109 3326 servavit,
1132 3269 1233 3335 pror—

189 3353 246 3397 sus
269 3331 445 3398 consentit.
485 3335 592 3400 Porro
620 3335 804 3422 scripturae
833 3330 922 3414 eius,
964 3328 1035 3396 aliis
1064 3332 1232 3407 codicibus

188 3417 268 3482 alias
289 3417 543 3505 praebentibus,
577 3421 792 3507 antiquorum
815 3417 1138 3496 Grammaticorum,
1173 3421 1238 3506 quie
1282 3494 1286 3499 ,

186 3499 286 3573 huius
308 3500 467 3572 orationis
489 3506 697 3572 mentionem
716 3501 919 3581 iniecerunt,
941 3501 1132 3585 testimonio
1149 3527 1242 3570 con--

186 3580 377 3663 firmantur.
420 3591 468 3656 Ita
492 3592 608 3658 titulus
628 3593 666 3658 in
689 3613 729 3657 eo
750 3591 841 3658 idem
863 3589 939 3655 huic
964 3587 1110 3653 orationi
1131 3600 1231 3678 prae*

186 3675 278 3747 fixus·
302 3686 361 3753 est,
384 3699 451 3763 quo
472 3691 601 3745 veteres
616 3676 836 3744 Grammatici
849 3673 1033 3761 significare
1046 3675 1132 3739 hanc
1150 3694 1229 3741 ora·-

187 3758 313 3828 tiouem
328 3777 580 3831 consueverunt
612 3764 802 3850 Praeposita
821 3761 912 3826 enim
934 3761 1037 3825 verba
1057 3773 1154 3837 sunt:
1175 3759 1228 3831 M.

186 3857 212 3915 t.
234 3842 404 3914 Ciceronis
424 3850 479 3916 De
500 3844 649 3941 Imperio
674 3850 739 3916 Gn.
760 3844 919 3938 Pompeii
940 3842 1061 3913 Oratio
1092 3846 1237 3943 incipit..

184 3930 319 4001 Eodem
346 3933 442 4001 titulo
469 3948 610 4002 utuntur
637 3936 826 4001 Priscianus
855 3934 927 3998 Lib.
956 3934 1015 4001 IX.
1045 3930 1083 4013 C·
1112 3931 1228 4023 Xip.
1270 3942 1289 4022 '-

185 4014 260 4109 468.
283 4015 335 4083 ed.
357 4016 493 4104 Krebl.‚
521 4016 658 4091 Servius
687 4021 729 4086 sd
751 4019 848 4108 Virg.
871 4020 984 4105 Georg
1003 4016 1065 4096 ΠΙ,
1088 4015 1168 4109 ⁶4³.
1195 4030 1228 4097 et

184 4104 372 4177 Arusianus
392 4103 523 4174 Messus
544 4113 579 4175 iu
599 4105 837 4176 Elocutionum
859 4105 1032 4192 Exemplis
1047 4104 1227 4175 Frontonis
1260 4155 1267 4167 ,

184 4189 321 4282 nomine
341 4189 384 4257 ab
407 4190 452 4260 A.
473 4190 567 4262 Maio
589 4193 684 4263 editis
705 4218 741 4284 p.
766 4194 840 4287 379·
860 4203 894 4258 et
915 4191 988 4259 382.
