2634 4748
1074 256 1166 310 LI<

50 500 55 507 .
99 475 103 483 .
155 411 194 505 Cp
216 408 259 480 X.
280 413 313 503 §0
336 428 386 492 22.
424 405 502 497 ,Hic
522 406 769 501 autemffiso)
796 433 863 487 non
883 418 957 481 tum
978 410 1114 488 conrin-

16 514 22 521 '
52 524 135 585 urus
164 499 279 569 helluo
289 541 305 580 ,
325 509 328 516 '
345 516 406 574 nec
419 542 422 549 -
435 511 510 585 tum
540 499 719 583 musicus„
757 501 887 566 iaccbat
916 502 953 568 in
974 524 1112 572 suorum

50 581 559 674 ¹Grcrecorurrt}foetore,utqt'te
582 584 670 660 vino.
712 583 816 669 Quod
837 585 976 673 quidem
997 586 1108 672 istius,

58 666 106 757 in
131 669 201 753 illis
222 662 432 762 reipublicae
455 671 623 755 luctibus,
651 668 753 758 quusi
773 664 824 736 ati
847 670 916 741 uod
936 674 1111 762 Lupitltu-
1186 746 1190 755 ,

65 775 155 829 rum·
170 773 233 827 uut
256 761 504 825 Centaurorum
527 751 718 842 convivium
742 695 946 844 sorciatur,
986 763 1023 828 iu
1044 784 1110 850 quo
1185 784 1188 790 ’
1216 816 1220 829 .

55 868 168 923 memo
185 837 444 934 potestatique,
470 853 589 910 utrum
613 838 678 911 iste
695 843 781 933 plus
803 841 942 929 biberit,
964 858 1027 913 aut
1049 869 1112 916 ooa
1182 886 1186 890 ·

176 925 183 944 b

53 926 216 1017 'nouerim
239 957 286 998 un
306 927 481 1021 effuderit.
586 998 589 1003 ,
617 977 621 981 .

50 1054 56 1089 2
156 1019 209 1085 Sic
235 1027 273 1083 ut
295 1008 395 1091 attuli
423 1018 574 1081 extrema
602 1008 706 1078 verba
740 1018 805 1080 uut
833 1008 1020 1094 vomuerit,
1063 1036 1111 1087 un
1182 1094 1186 1107 q
1225 1026 1235 1035 ”

51 1096 233 1206 'effuderit
249 1092 406 1190 leguutbr
424 1095 547 1186 scripta
562 1103 599 1168 in
613 1096 978 1182 etliticnibuslGruteri,
1000 1104 1111 1172 Grae·
1185 1139 1191 1149 ·

24 1204 28 1219 '
66 1191 134 1271 vri,
158 1200 192 1255 et
210 1188 362 1253 aliorum.
398 1187 519 1272 Atque
541 1189 964 1273 err·ant‚·quipa1·ticulom
983 1179 1048 1256 aiat
1069 1192 1111 1261 ab

67 1272 251 1343 editoribus
281 1266 469 1361 profectam
497 1282 633 1356 putant*
675 1286 761 1355 quae
795 1293 863 1338 non
891 1287 940 1340 est
969 1275 1111 1357 dubium

91 1358 217 1441 uiugex
239 1358 375 1444 optimis
397 1353 597 1445 deprompta
618 1352 659 1421 sit
681 1353 856 1429 codicibus.
900 1356 965 1427 sed
989 1361 1030 1426 de
1047 1374 1110 1428 cd-

67 1381 182 1513 dicum
215 1445 380 1530 scriptura
419 1445 524 1508 altum
562 1453 610 1506 est
646 1435 841 1522 silentium„
887 1445 1109 1525 Tadrinensis
1131 1484 1153 1510 ,ι

66 1545 189 1600 utram.
203 1529 404 1617 particulam
424 1525 708 1614 babeat‚·.ignoro,
725 1526 890 1679 quoniam
909 1531 949 1595 ad
969 1550 1108 1613 manum
1147 1563 1151 1571 ’

67 1618 139 1684 non
161 1628 208 1706 est
230 1613 400 1682 Ciceronis
422 1612 526 1678 editio
546 1615 582 1678 in
604 1635 704 1695 usum
762 1614 886 1702 elphini
907 1616 1002 1698 facto,
1023 1642 1108 1703 qua·-

68 1722 147 1769 cum
169 1702 273 1768 codex
294 1699 349 1765 ille
370 1700 508 1764 collatus
532 1710 591 1763 est.
625 1700 799 1765 Consentit
819 1712 930 1767 autem
951 1699 1107 1768 hocloco

69 1813 148 1875 ,cum
170 1787 315 1853 editione
337 1785 403 1850 illa.
447 1779 653 1852 Erfurtensis
675 1789 788 1851 luetur
809 1789 1125 1885 uutpa1·ticnlam,-

69 1891 174 1962 quam
196 1896 256 1958 ego
279 1870 419 1958 positam
440 1875 480 1936 ab
503 1894 542 1935 eo
564 1865 667 1950 duco,
689 1871 746 1958 qui
768 1871 911 1939 verbum
931 1875 1107 1941 vomuerit

11 1978 14 1982 ’
70 1957 210 2044 scripsit.
243 1958 370 2043 Neque*
384 1956 513 2024 discedo
534 1958 574 2022 ab
593 1954 657 2022 hac
677 1958 849 2038 sententia,
872 1954 947 2025 licet
969 1955 1108 2048 plurimi
1144 1974 1168 2031 J
1198 1965 1202 1971 '

51 2114 53 2117 ,
72 2044 202 2110 codices
224 2063 268 2110 uu
283 2042 445 2131 praebere
462 2044 630 2109 dicantur.
661 2043 753 2107 Nam
774 2045 837 2108 hoc
857 2045 984 2112 librarii
1005 2048 1107 2112 etiam
1210 2100 1213 2104 Α

68 2130 281 2195 mediocriter
302 2125 389 2200 docti
410 2129 666 2210 intellexerunt,
687 2129 843 2196 vitiosam
865 2129 920 2195 bio
941 2143 1004 2197 out
1025 2143 1107 2219 par*

66 2216 206 2295 ticulum
226 2239 316 2294 esse‚·
328 2210 469 2299 ideoque
490 2211 526 2280 in
549 2237 596 2282 uu
615 2221 747 2281 mutare
768 2238 837 2280 non
859 2217 1106 2283 dubitaverunt.
1185 2244 1213 2283 ·.

37 2300 118 2370 -·At
140 2301 345 2368 vitiosiorem
369 2297 586 2369 reddiderunt
607 2301 809 2378 orationem,
844 2303 902 2386 qui
924 2305 1107 2383 correxisse

66 2412 102 2454 se
130 2394 260 2451 mutata
288 2397 352 2452 eut
381 2386 540 2472 particula
568 2393 738 2474 putarunt.
790 2390 882 2454 Nem
910 2407 994 2487 quae
1023 2385 1106 2453 alius

65 2486 145 2540 sunt
167 2471 314 2536 homin-is
334 2472 449 2551 verba,
463 2493 501 2536 ea
514 2491 592 2536 cum
607 2471 832 2538 Ciceronianis
848 2487 1106 2553 coniunxerunt,

64 2558 305 2645 feceruntque,
325 2563 363 2618 ut
384 2564 497 2619 orator
518 2557 822 2644 praestantissimus
841 2560 955 2645 ‚inepte
976 2559 1033 2625 hic,
1051 2559 1107 2640 vi·

18 2674 21 2678 ⁴
65 2642 140 2711 deri
165 2642 284 2706 debeat
306 2642 438 2706 locutus
456 2659 537 2707 esse.
570 2643 693 2728 Ineptrr
710 2657 786 2708 sunt
806 2656 918 2708 autem
938 2645 1038 2716 verba
1060 2668 1107 2710 un

64 2723 247 2809 vomuerit,
270 2727 348 2816 quio
370 2725 511 2791 eandem
534 2726 706 2791 continent
727 2728 923 2793 sententiam
938 2737 1036 2814 atque
1051 2750 1107 2792 se·-

88 2815 201 2881 uentia
222 2840 268 2882 uu
296 2805 477 2904 effuderit,
513 2835 597 2901 quae
625 2824 796 2898 tamquam
820 2812 951 2878 diversa
971 2827 1107 2878 antece-

64 2840 219 2969 dentibus
257 2910 485 2988 opponuntur.
550 2898 718 2966 Particula
755 2894 846 2964 enim
879 2911 997 2964 utrum
1025 2918 1105 2963 cum

56 2984 162 3057 'initio
183 2984 451 3074 interrogationis
480 2982 678 3073 usurpatur,
720 2985 899 3074 pluresque
919 2997 1106 3073 sequuntur
1140 3000 1142 3003 ’

66 3069 312 3154 enuntiationes
334 3071 590 3156 interrogativae
611 3089 672 3160 per
686 3097 740 3138 uu
759 3071 955 3161 particulam
977 3072 1105 3158 primae

10 3161 12 3168 ’
66 3156 287 3226 enuntiationi
316 3158 504 3244 oppositae,
542 3180 675 3223 necesse
705 3169 753 3222 est
782 3181 897 3231 omnes
919 3157 994 3222 illae
1017 3177 1105 3243 quae

66 3255 249 3333 sequautur
269 3266 403 3327 novam
432 3254 465 3307 et
488 3241 654 3309 diversum
684 3243 875 3310 continea'nt
895 3249 1104 3324 sententiam.

65 3330 187 3417 Neque
209 3327 275 3393 dici
300 3340 441 3417 possunt
461 3325 632 3394 vomuerit
653 3337 686 3394 et
709 3322 874 3420 effuderit
894 3331 939 3393 ita
959 3327 1014 3393 hic
1036 3326 1104 3393 ‹tif-

64 3412 177 3496 ferre,
214 3428 250 3482 ut
277 3414 372 3504 prius
393 3412 435 3478 ad
457 3414 594 3494 cibum,
628 3417 788 3501 posterius
808 3416 850 3480 ad
871 3422 1008 3501 potum,
1047 3406 1104 3499 qui

66 3506 263 3582 evomatur,
296 3499 338 3563 sit
366 3496 592 3568 referendum.
634 3502 823 3586 Utrumque
844 3499 935 3565 euim
956 3499 983 3563 si
1006 3518 1103 3563 com-

61 3607 258 3654 memorare
296 3583 454 3651 voluisset
490 3585 634 3669 Cicero,
675 3588 746 3652 sine
775 3580 874 3652 dubio
905 3583 1103 3670 scripsisset:

66 3686 188 3743 utrum
214 3666 378 3756 irreptus
399 3667 507 3737 ederit
528 3684 561 3738 et
585 3669 717 3752 biberit,
739 3694 786 3738 ou
806 3670 973 3743 vomuerit
989 3667 1104 3752 etes-

61 3752 212 3852 fuderit.
240 3758 305 3841 Sed
323 3754 371 3821 ita
392 3778 453 3821 nec
474 3759 613 3844 scripsit,
636 3781 695 3824 nec
710 3758 854 3826 scribere
875 3755 994 3848 pptuit,
1017 3770 1102 3840 quo-

61 3840 161 3919 niam
190 3841 354 3909 eiusmodi
384 3842 551 3928 oppositio
584 3845 702 3932 putida
729 3842 845 3908 fuisset
880 3841 1104 3925 orationisque

66 3925 141 3999 vim
161 3922 287 3995 mirnln
309 3941 470 4015 quantum
491 3930 697 3997 debilitasset.
737 3931 859 4015 Neque
879 3926 979 3992 etiarn
1001 3948 1104 3990 vora-⁶

62 4014 151 4084 'citas
180 4035 327 4102 unquam
349 4010 483 4094 Pisoni,
521 4010 578 4080 sed
606 4034 741 4103 semper
767 4013 946 4098 vinolentia
967 4017 1106 4096 ¹tantum

68 4101 320 4189 exprobratur.·
348 4101 429 4167 Non
456 4094 565 4168 minus
585 4109 802 4181 enervaretur
822 4099 947 4183 oratio,
981 4093 1106 4181 siquis

66 4186 174 4255 verba
195 4199 258 4254 out
278 4186 449 4285 evomuerit
468 4199 546 4274 post
567 4178 730 4282 effiulerit
745 4186 902 4263 collocata
915 4184 986 4253 eius
1000 4181 1108 4269 ipsius

711 4306 763 4370 do
