2640 4748
547 269 661 323 ft
796 242 800 251 “
931 228 1193 342 ’,μω

135 426 317 494 tetiexerat
335 423 473 513 Pighius
493 423 535 491 ad
558 421 633 491 vat
652 422 751 493 Max.
772 421 838 509 IX,
864 444 924 509 aa,
947 447 978 512 7,
1015 424 1096 492 Hor
1117 440 1186 499 tres

136 513 280 581 tabellae
309 514 495 602 postulant,
529 509 619 593 sive,
655 523 693 578 ut
719 511 763 577 ali
787 513 899 578 uando
928 522 1023 578 erant
1030 559 1043 590 ,
1078 514 1184 582 duaes

136 600 202 666 boa
231 600 378 686 ambigui
405 598 509 680 ratio,
552 595 644 686 quod
673 618 720 663 ex
758 535 888 688 duplici
915 599 1060 664 admisso
1087 600 1186 666 verbi

136 696 236 752 sensu
256 687 424 752 exoritur=
443 685 507 749 hoe
530 683 673 769 denique
694 684 818 750 melior
838 684 956 751 suadet
979 687 1187 753 accuratior-

137 793 201 859 que
221 771 289 839 loci
317 771 492 838 sententia.
536 770 657 836 Exitus
684 771 777 836 enim
799 769 915 839 iudicii
938 770 1069 857 legibus
1099 796 1185 848 con-

134 857 260 939 stituti,
299 858 359 946 qui
385 857 537 922 diremtis
560 857 704 922 ¹demum
731 857 860 922 tabellis
900 858 1132 946 cognoscitur,
1162 882 1184 926 a

157 967 208 1010 uo
229 946 360 1020 nullius
389 941 618 1010 innocentiam
653 954 714 1008 aut
743 943 997 1031 improbitatem
1023 945 1184 1032 pendere,

86 1037 89 1041 ’
132 967 338 1097 declaratum
363 1031 467 1096 modo
483 1028 549 1096 fuit
569 1030 752 1117 exemplis,
771 1053 842 1095 non
859 1054 931 1096 esse
951 1030 1072 1095 dieitur
1090 1055 1130 1099 eo
1148 1034 1185 1098 in
1265 1069 1274 1090 ·.

133 1115 273 1183 homine
289 1117 557 1206 exspectandus,
586 1137 690 1202 quem
711 1117 782 1182 iam
803 1114 954 1182 universi
980 1116 1184 1186 damnarint.

133 1202 207 1269 Iam
238 1226 322 1270 vero
356 1223 419 1288 ego
450 1202 496 1267 ita
528 1201 710 1286 disputem.
763 1201 927 1269 Diribere
958 1200 1106 1269 tabellas
1142 1204 1184 1268 de

133 1300 277 1375 utraque
304 1313 344 1355 re
372 1286 438 1353 dici
465 1309 538 1352 non
566 1285 696 1366 debuit,
739 1289 903 1374 quidquid
930 1289 1051 1358 Vossio
1083 1290 1126 1358 T.
1156 1290 1183 1355 Ι.

133 1374 251 1460 Etym.
283 1370 322 1464 pt
351 1373 424 1462 249.
454 1373 505 1440 ed.
533 1374 641 1458 Neap.
675 1371 814 1458 aliisque
842 1373 1005 1441 videatur.
1054 1378 1091 1443 Si
1128 1375 1184 1442 di-

132 1461 278 1548 remptio
300 1459 513 1538 excluditur,
546 1456 635 1546 quod
665 1455 803 1525 videtur
832 1458 994 1526 hactenus
1023 1461 1184 1549 probabi-

131 1545 215 1626 lius,
237 1546 307 1612 sola
326 1557 479 1612 remanet
500 1543 697 1612 distributio.
741 1545 835 1611 Tum
855 1560 968 1613 autem
986 1548 1049 1612 vix
1069 1547 1183 1630 fuerit,

131 1646 171 1699 ut
191 1656 308 1698 sensus
314 1679 326 1710 ,
348 1631 521 1699 baudilio
543 1631 681 1718 quidem
704 1631 890 1712 absurdus,
908 1655 1034 1698 rerum
1055 1634 1095 1699 ab
1117 1657 1183 1700 usu

130 1730 303 1802 remotus,
334 1741 408 1807 per
442 1719 621 1800 adiuncta,
662 1739 750 1805 quae
783 1717 981 1803 ambiguum
1013 1720 1184 1800 tollerent,
1226 1783 1232 1795 ,

132 1818 368 1873 arcesseretur.
411 1805 482 1872 lam
512 1827 567 1869 eas
588 1803 772 1881 formulas,
815 1802 965 1871 diribere
994 1796 1182 1897 suffragio,

131 1892 282 1958 diribere
301 1890 504 1973 sententias,
535 1890 569 1955 id
593 1887 725 1956 efficere
751 1889 897 1974 dixeris,
926 1891 1016 1978 quod
1037 1891 1183 1961 nimium

132 1977 256 2058 fuerit,
287 1991 325 2045 ut
345 1976 495 2046 diribere
515 1978 650 2065 seniper
671 1975 784 2044 valeat
805 1999 1002 2060 secernere,
1035 1979 1071 2045 in
1090 1979 1184 2045 ordi·

132 2085 214 2130 nem
231 2064 385 2150 redigere
404 2086 444 2132 uo
464 2086 657 2142 numerare,
677 2072 866 2152 numquam
888 2061 999 2132 dando
1018 2063 1182 2144 dividere.

128 2150 239 2237 Atqui
259 2151 342 2235 loci,
384 2173 430 2218 ex
457 2151 577 2238 quibus
605 2163 794 2229 eruuntur,
840 2150 1056 2217 varietatibus
1086 2153 1184 2219 obsiti

125 2250 226 2316 sunt,
248 2247 282 2302 et
302 2236 395 2303 haud
415 2239 531 2305 minus
552 2236 706 2320 offerunt
724 2235 899 2303 dirimere.
941 2236 998 2302 De
1014 2237 1183 2325 suffragiis

128 2322 276 2389 vidimus
298 2323 353 2388 ad⁴
371 2347 401 2390 c.
431 2323 464 2390 6.
490 2346 557 2425 pro
586 2323 718 2402 Blane3
747 2322 804 2387 'de
834 2320 986 2388 iudicum
1009 2326 1183 2392 sententiis

128 2432 220 2474 unus
241 2419 351 2474 exstat
370 2406 466 2476 locus
487 2406 715 2487 atle‘Valerii,
799 2430 854 2472 em
883 2409 987 2475 modo
1017 2408 1183 2479 indica-viss
1272 2426 1274 2431 '

96 2570 99 2574 Δ
128 2517 219 2563 mus.
263 2496 307 2559 In
328 2515 389 2568 eo,
417 2494 503 2563 dam
528 2496 738 2579 sententiae,
768 2495 960 2574 icerentur,
1003 2491 1085 2562 ferri
1112 2521 1194 2565 non.

155 2589 257 2658 otest3
280 2596 352 2644 non
374 2579 467 2645 enim
488 2580 702 2660 dicebantur,
732 2580 791 2647 aed
811 2603 874 2668 per
894 2576 1033 2646 tabellas
1055 2587 1185 2650 occulte
1211 2584 1217 2661 ’,

128 2602 346 2732 ferebantur:
368 2664 464 2747 vide,
486 2667 514 2732 si
534 2664 644 2748 lubet,
671 2665 799 2753 Georg.
820 2665 1016 2735 Arnaldum
1035 2669 1078 2735 ΙΙ.
1097 2672 1184 2736 Var.

130 2752 228 2817 Coni.
251 2771 322 2837 27·-
357 2752 436 2819 MSi
455 2765 601 2840 quatuor
627 2773 731 2819 verae
750 2749 903 2817 lectionis
932 2752 1186 2840 interpretatio-

104 2861 208 2904 .-nem
225 2838 362 2920 habent,
383 2837 640 2910 ordinarentur.
682 2839 757 2926 Ipsa
778 2837 877 2903 lectio
894 2859 941 2903 ex
964 2841 1099 2926 optimis
1120 2864 1183 2907 ao·
1252 2920 1258 2927 ,

128 2925 257 2991 dicibus
272 2924 441 3008 eruenda,
464 2948 609 3077 <luorum
629 2925 717 2992 alter
738 2923 923 3003 Gemblac„
946 2946 1025 2989 cum
1046 2925 1184 2994 diriva-

127 3023 249 3078 rentur
279 3012 419 3093 habeat,
453 3025 537 3079 ater
565 3011 718 3078 Atrebat.
739 3009 976 3093 diruirentur,
1008 3021 1078 3083 tam
1105 3015 1185 3081 inde
1221 3082 1223 3087 ,

110 3099 207 3164 ¹licet
229 3098 462 3166 diriberentur
489 3120 569 3167 cum
588 3097 709 3185 Pighio
737 3098 868 3183 legere,
885 3120 1007 3184 ·quam
1036 3099 1183 3166 dirime·
1299 3116 1301 3121 '

127 3197 258 3251 rentur.
304 3185 392 3250 Cum
409 3184 493 3252 haec
512 3189 563 3253 ita
585 3185 669 3262 sint,
691 3184 730 3251 in
751 3183 882 3270 Sigonii
903 3186 1107 3261 sententiam
1125 3189 1184 3254 in·

127 3271 233 3349 olino,
254 3271 313 3358 qui
338 3271 428 3337 huna
449 3272 563 3338 locum
584 3270 764 3358 proferens
785 3271 828 3335 Π.
851 3269 1021 3338 deludio.
1043 3294 1094 3339 22.
1119 3296 1185 3342 ex·

125 3357 239 3423 hibuit
260 3356 487 3442 dirimantur,
509 3357 607 3445 quasi
623 3357 671 3422 sio
692 3358 865 3423 edereturs
892 3357 957 3422 sed.
969 3358 1041 3424 eius
1063 3380 1184 3426 emen·-

127 3441 216 3508 datio
241 3456 305 3526 est,
323 3446 624 3522 -eitoonsentanea,
647 3465 749 3533 quam
773 3441 854 3509 fecit
878 3443 937 3509 ΙΙΙ.
954 3442 1004 3508 'ad
1028 3445 1073 3530 Q.
1094 3446 1189 3513 Fra*

125 3540 215 3596 trem
236 3527 267 3594 4.
296 3541 330 3594 et
348 3553 451 3618 quam
477 3529 633 3620 plerique
655 3552 733 3595 cum
761 3527 955 3616 Malaspina
983 3541 1017 3594 et
1037 3533 1183 3598 Ernesto
1216 3532 1251 3607 ⁵„

124 3629 321 3703 sequuntur.
365 3618 421 3684 Ibi
450 3619 543 3684 enim
569 3637 637 3767 gra
663 3614 817 3704 diruptis
848 3614 987 3681 tabellis
1016 3616 1097 3705 legit
1123 3617 1183 3684 dt-

123 3703 287 3790 remptis,
310 3723 391 3767 cnm
409 3723 483 3773 non
503 3705 547 3771 de
591 3701 751 3769 istributia
773 3701 864 3768 inter
885 3701 1034 3784 iudices,
1060 3727 1184 3773 verum

124 3789 168 3854 de
197 3790 355 3877 separatis
384 3789 427 3855 ad
462 3789 777 3878 pronunciandum,
819 3786 898 3876 quid
936 3790 1113 3859 statuerint
1139 3794 1184 3861 de

125 3873 291 3959 Gabinio,
311 3876 440 3942 tabellis
462 3881 612 3962 agatur.“
1275 3882 1278 3887 ’

210 4044 307 4112 Haec
323 4043 542 4126 Garatonius,
562 4063 664 4129 quem
686 4055 828 4194 apEaret
851 4042 1043 4130 ambigere,
1067 4057 1182 4112 utrum

125 4129 269 4198 verbum
283 4130 441 4220 ,diribere
471 4128 674 4197 distribuere
697 4143 730 4195 ta
754 4131 852 4214 enas,
887 4153 931 4199 un
953 4152 1130 4200 secernere
1153 4144 1187 4198 et

123 4217 488 4308 numerare-suffragia
509 4214 688 4288 denotarit.
713 4239 720 4248 ’

744 4357 757 4398 ι
781 4353 797 4399 a
