2634 4748
200 886 1026 1039 onuouounnnlo
1144 862 1147 868 ’

324 1168 434 1224 v1no
465 1152 925 1224 nxcsuuuuussssno'

537 1372 558 1412 s.
593 1338 621 1412 u.
655 1371 690 1415 n.

219 1598 224 1605 -
265 1560 577 1632 nnnAuuus
611 1557 991 1693 Wunnpuus„

88 1994 189 2111 Non
215 2028 423 2119 mirabere,
449 2027 540 2124 quid
561 2029 631 2119 sit,
657 2027 760 2123 quod
783 2022 895 2117 Tibi,
922 2027 978 2100 vir
1003 2028 1154 2105 excels
1256 2003 1259 2010 ¹

64 2188 303 2276 ··lentissime,
326 2207 489 2280 quocum
514 2183 620 2255 nulle
635 2183 729 2255 mihi
744 2182 867 2255 adhue
880 2184 1133 2256 intercesserit
1214 2146 1225 2159 .

83 2337 336 2432 consuetudo,
377 2347 491 2408 tenue
523 2337 597 2408 hoc
633 2360 726 2434 opus
756 2358 883 2408 meum
914 2357 1132 2407 consecrare

81 2490 155 2593 sim
187 2510 311 2556 ausus.
379 2486 565 2578 Singulari
601 2489 702 2561 enim
743 2497 783 2560 et
812 2488 1012 2585 praeclare
1044 2488 1153 2559 Tua'

82 2637 309 2710 liberalitate
335 2646 372 2708 et
396 2612 628 2709 humanitate
652 2638 792 2715 fectum
817 2664 916 2733 esse,
956 2650 1012 2719 ut,
1025 2666 1130 2736 opus,
1248 2720 1252 2731 .

82 2791 185 2886 quod
209 2787 298 2881 Tibi
322 2788 463 2879 offero,
503 2787 743 2861 conscribere
765 2813 937 2887 possem,
975 2792 1132 2867 minime

81 2943 142 3016 Te
174 2942 305 3037 fugere
335 2951 470 3037 potest.
528 2938 641 3012 Anno
675 2943 776 3022 eninr
811 2930 1006 3039 superiore
1045 2968 1129 3015 cum
1199 2969 1208 2978 ··

80 3097 322 3199 vehementer
348 3116 524 3190 cuperem
550 3094 736 3185 codicem,
763 3097 828 3190 qui
848 3098 889 3166 in
902 3096 1130 3197 bibliotheca
1192 3096 1197 3105 “
1224 3117 1227 3123 ’

79 3249 184 3343 regie
216 3246 434 3319 Erfurtensi'
467 3257 678 3334 asservetur
715 3246 951 3344 plurimaque
989 3248 1042 3320 Μ.
1081 3231 1137 3323 Τ(
1192 3342 1194 3347 ¹

81 3400 273 3474 Ciceronis
297 3368 437 3495 scripte
461 3400 645 3490 continet,
670 3401 855 3494 inspicere
868 3412 906 3472 et
920 3401 1128 3494 perlegere,

80 3551 214 3644 Teque
242 3571 327 3619 cum
351 3549 595 3647 Kiesslingio,
620 3553 703 3626 viro
731 3553 984 3624 eruditissimo
1009 3554 1127 3628 mihi-

81 3727 155 3799 que
179 3701 421 3789 amicissimo,
452 3705 626 3796 precibus
652 3705 847 3796 adiissem,
882 3718 927 3781 ut
950 3709 1031 3781 eius
1059 3678 1128 3780 coss

79 3853 282 3950 gnoseendi
305 3853 399 3924 mihi
424 3851 533 3928 fieret
556 3865 738 3949 potestas:
769 3858 895 3934 animo
921 3861 1127 3954 promptis-

80 4006 174 4079 simo
200 4005 283 4092 Tu,
309 4007 374 4101 qui
398 4018 480 4077 tum
505 4009 686 4101 temporis
702 4009 901 4083 incivitate
914 4011 1127 4084 Erfirriensi

80 4158 180 4230 idem
206 4158 305 4254 quod
329 4183 429 4233 nunc
447 4160 690 4257 Magdeburgi
715 4186 851 4239 munus
870 4186 1016 4269 summe
1041 4190 1127 4239 cum
