2634 4748
13 292 20 321 ι
197 278 275 327 (Μ

285 436 361 502 Iam
383 432 482 512 haec,
511 448 598 517 quae
619 426 796 496 Manutius
818 428 971 510 monuit,
1002 422 1044 497 ut
1062 428 1182 498 nullus
1202 453 1266 498 re·
1312 458 1316 463 ·

197 525 369 610 linquatur
389 516 567 585 dubitandi
586 517 682 582 locus
720 518 779 583 uin
801 515 871 582 sint
889 517 1083 597 verissima,
1103 517 1263 607 primum

199 609 352 679 sitellam
373 606 411 673 in
441 602 613 671 sortiendo
633 602 710 668 adhi
734 603 817 670 itam
838 627 912 670 esse
932 616 1089 671 veterum
1109 604 1262 692 scripto-

199 718 280 765 rum
299 693 382 761 locis
410 688 705 778 confirmabimus,
735 688 860 754 deinde
888 687 1001 755 forma
1022 691 1096 757 eius
1118 698 1154 756 et
1180 710 1263 756 ma-

198 780 287 851 terie
307 803 395 868 quae
415 776 520 845 fuerit
541 798 695 864 quaeque
719 776 843 850 cistae,
863 775 1105 865 patefaciemus
1126 777 1201 860 sic,
1220 788 1264 845 ut

199 890 246 936 ne
267 889 370 934 usum
397 863 536 954 quidem
560 863 690 928 sitellae
716 861 760 927 ad
786 863 990 948 colligendas
1017 862 1159 929 tabellas
1187 862 1263 931 ullo

133 956 137 971 '
198 965 299 1045 pacto
321 975 395 1019 esse
447 950 571 1015 otuisse
594 948 736 1034 liqueat,
773 948 932 1036 denique·
947 951 1041 1039 ipsos
1061 950 1170 1032 locos,
1216 972 1263 1018 cx

200 1041 322 1128 quibus
346 973 499 1104 sitellam
519 1036 562 1100 de
587 1057 685 1118 vase,
727 1035 766 1100 in
793 1036 885 1122 quod
912 1037 1055 1102 tabellas
1084 1036 1263 1104 coniectae

200 1127 287 1205 sint,
307 1124 376 1195 vrri
397 1123 487 1189 docti
506 1120 757 1210 intelligendam
774 1133 942 1211 putarunt
961 1144 1176 1213 apponemus
1195 1146 1264 1214 ap-
1293 1146 1296 1151 ·

32 1228 38 1239 '
137 1254 140 1263 ·
198 1213 395 1303 positosque
416 1207 668 1298 explicabimus.
756 1230 760 1241 “
914 1243 916 1247 -

287 1300 384 1367 Dmn
411 1298 525 1376 locos,
563 1293 624 1362 ubi
650 1294 770 1362 sitella
791 1293 842 1375 ¹ad
868 1293 1080 1361 sortiendum
1107 1294 1264 1377 adhibito

199 1382 390 1477 reperitur,
412 1382 537 1463 affere,
558 1383 729 1463 monitum
750 1380 853 1448 simul
873 1382 1039 1447 lectorem
1058 1382 1150 1461 volo,
1167 1383 1263 1450 inter

148 1536 153 1543 ,
199 1473 362 1541 silulom'
378 1481 413 1535 et
439 1469 595 1536 sitellam
623 1468 713 1535 nihil
742 1469 844 1559 plane
873 1468 1076 1535 discriminis
1107 1469 1264 1535 interce-

202 1561 304 1637 dere,
328 1556 364 1623 id
384 1555 475 1644 quod
500 1570 542 1624 ex
564 1557 676 1622 Plauti
696 1556 771 1621 Cas.
792 1557 872 1624 Act.
894 1556 935 1622 IL
959 1578 1005 1622 se·
1028 1555 1092 1623 VI.
1113 1554 1263 1645 intelligi

200 1655 321 1734 potest.
364 1643 418 1711 Ibi
439 1643 532 1733 enim
552 1653 735 1733 postquam
755 1641 918 1710 Chalinus
940 1640 1027 1708 dixit
1051 1662 1086 1708 v.
1105 1663 1140 1729 7.
1223 1688 1227 1695 -

487 1771 601 1820 assunt
620 1760 702 1839 ¹quae
722 1755 924 1838 impermisti
941 1760 1060 1834 omniu,

321 1837 425 1913 Uxor,
443 1847 557 1908 sortes,
583 1837 731 1909 situla,
762 1846 858 1914 atque
880 1845 1008 1913 egomet.
1122 1864 1128 1877 =

199 1931 318 2027 paullo
339 1941 414 2018 post
434 1953 469 1995 v.
495 1950 546 1998 11.
565 1926 730 2017 praecipit
748 1927 896 1995 Stalino:
1082 2002 1090 2007 -

317 2019 449 2093 Depone
472 2013 527 2074 llic
551 2016 750 2086 sitellam,
774 2025 874 2074 sortes
891 2011 967 2072 seclo
991 2011 1088 2089 miti,
1115 2018 1263 2079 aniam

622 2089 792 2150 advortite.

203 2186 332 2256 Contra
353 2186 445 2253 idem
466 2181 595 2249 Stalino
618 2181 695 2248 Act.
716 2181 758 2247 Π.
780 2202 825 2247 sc.
846 2180 907 2249 IV.
932 2203 967 2250 v.
993 2203 1044 2269 17.
1067 2181 1214 2265 dixerat:

315 2273 408 2333 Intro
435 2269 506 2347 abi,
533 2280 630 2349 atque
654 2276 801 2327 astutum
825 2287 955 2328 sessorem
978 2268 1043 2326 luto
1069 2288 1161 2329 socca
1177 2277 1256 2327 ante

318 2422 363 2481 Es
380 2422 550 2482 situlam
569 2345 888 2500 hacsetcgreswenugfflw
907 2438 980 2478 cum
995 2439 1084 2498 aqua
1101 2430 1135 2481 el
1152 2428 1261 2481 sortes·

196 2500 318 2609 ¹paullo
338 2524 415 2604 post
435 2525 548 2579 autem
570 2512 676 2583 eiusd.
697 2512 776 2580 Act.
799 2533 847 2581 sc.
869 2513 918 2580 V.
939 2537 972 2579 v.
996 2515 1069 2580 54:
1160 2574 1164 2579 .

316 2603 492 2664 scetiotem
509 2612 607 2659 sortes
627 2601 665 2660 in
681 2594 866 2659 sitellam
884 2609 916 2657 el
934 2603 1054 2660 sortiar

324 2674 398 2736 Tibi
415 2687 446 2736 et
468 2674 612 2739 Chalino.

203 2767 239 2826 et
258 2776 294 2826 v.
315 2752 371 2822 45.
885 2793 892 2802 ·

149 2879 154 2886 -
319 2839 474 2901 Chalinus
494 2840 583 2911 intus
597 2830 674 2896 eum
691 2836 836 2896 sitella
852 2846 884 2897 el
901 2832 1047 2899 sortibus.

286 2932 364 3000 Liv.
395 2931 516 3011 XXV,
543 2931 576 2999 5.
622 2926 772 2996 Tribuni
795 2931 969 3018 populum
1001 2926 1265 3012 submoverunt,

201 3019 434 3105 sitellaque
456 3018 534 3083 lata
555 3027 625 3091 est,
647 3026 688 3080 ul
709 3013 925 3097 sortirentur,
948 3014 1009 3082 ubi
1029 3014 1160 3085 Latini
1178 3016 1266 3108 suf-

146 3131 149 3137 ·
181 3173 184 3180 ,
192 3104 364 3199 fragium
381 3101 534 3187 ferrent.
576 3101 673 3166 Idem
690 3101 794 3181 XLI,
827 3104 880 3172 18·
918 3100 1106 3170 Valerium
1136 3103 1267 3195 ampi-

201 3204 283 3260 cato
310 3189 648 3262 connumerasset,
692 3185 786 3276 quod
810 3188 848 3257 in
877 3193 1006 3279 templo
1025 3188 1179 3271 suissels
1203 3189 1293 3259 ἀπ’

200 3277 349 3352 Petillio
370 3275 410 3340 id
438 3273 525 3342 vitio
545 3274 706 3362 factum,
735 3281 862 3363 posteo
891 3298 1045 3378 augures
1070 3274 1266 3364 responde-

156 3386 170 3419 ι
200 3375 303 3446 runt,
349 3358 439 3450 quod
467 3370 571 3428 extra
591 3361 760 3448 templum
788 3372 917 3431 sortem
932 3386 975 3430 sn
1004 3361 1178 3444 sitellam,
1225 3362 1265 3430 in

99 3456 103 3465 '
144 3450 149 3457 ’
202 3451 373 3540 templum
395 3448 526 3528 latam,
544 3444 640 3537 foris
662 3448 676 3512 i
700 3470 737 3514 ee
756 3447 922 3536 posuerit.
1181 3494 1188 3503 ·

286 3538 438 3636 Appono
460 3536 567 3602 etiam
582 3472 743 3603 Lamliiui
762 3534 885 3620 verba,
914 3534 957 3601 ad
983 3533 1093 3603 Plaut.
1117 3534 1198 3603 Cas.
1219 3535 1267 3619 11,

260 3646 312 3689 ι.
360 3632 462 3688 osrtaa

200 3621 237 3709 4⁹
281 3646 310 3793 ζ,
350 3732 376 3774 x
396 3708 461 3774 hoc
481 3706 557 3773 loco
581 3705 732 3773 maxime
754 3717 789 3772 et
815 3707 952 3792 ceteris,
982 3730 1071 3797 quae
1101 3704 1265 3774 adhunc

199 3796 314 3867 locum
326 3795 507 3896 pertinent,
533 3791 703 3880 quomodo
719 3793 920 3860 sortirentur
941 3808 1093 3880 veteres,
1113 3817 1266 3881 cognos-

201 3905 280 3951 cere
312 3880 401 3947 hcet.
451 3879 546 3946 Nam
583 3879 735 3967 primum
770 3903 846 3962 vas,
879 3881 918 3947 in
953 3881 1044 3968 quod
1075 3880 1266 3949 coniicien-

199 3968 273 4036 dae'
287 3978 383 4034 erant
403 3978 522 4049 sortes,
543 3965 749 4053 implebatur
764 3989 867 4055 aqua:
891 3968 1059 4054 nequein
1073 3990 1145 4034 vas·
1156 3968 1265 4043 inane

200 4053 465 4122 coniiciebautur
485 4063 609 4129 sortcs3
636 4050 758 4118 deinde
779 4065 885 4120 sortes
908 4055 1167 4143 erantligneae,
1190 4075 1265 4121 non

200 4152 376 4213 terrenae,
423 4160 483 4203 seu
510 4150 659 4221 terreae,
700 4163 745 4205 ne
766 4141 991 4226 liquescerent
1008 4141 1046 4208 in
1068 4163 1176 4230 aqua,
1223 4150 1266 4207 ut

106 4270 110 4279 -
198 4250 273 4297 sors
293 4223 506 4296 Aristodemi
526 4225 714 4295 liberorum
736 4225 818 4297 olim
841 4226 1014 4305 delicuit·“.
1083 4294 1088 4303 .
