2640 4748
1094 232 1136 279 tx

81 428 173 476 nem.
209 400 303 471 Inde
324 379 656 486 numentanae
676 391 965 463 ·0·XX·-cllecia
984 376 1049 482 pro'
1071 391 1143 489 lio·¹

84 530 177 574 nore.
203 520 237 575 et
258 503 323 570 ·[I·
349 486 427 568 tei
444 501 530 567 vini.
582 499 638 569 Dc
660 494 873 565 Davandria
897 494 1069 564 venientes
1090 494 1135 563 ab
1166 559 1169 575 ,

44 585 49 600 ’
86 589 329 661 ἰηιναηιε’·Χί·
351 611 394 653 us
418 582 461 654 'ue
482 588 520 652 in
538 586 679 653 Pascha
701 582 822 651 debent
842 583 929 651 dare
948 583 992 649 de
1009 585 1136 671 ningu-

85 675 298 757 Iunonibus
320 673 371 741 ⁸0·
410 675 456 740 X·
483 674 622 751 allecia.
684 669 772 760 Inde
800 669 978 759 usquead
994 667 1136 755 festum

85 769 123 850 ,5.
146 768 268 848 Crucis
296 778 335 845 in
364 780 568 867 autumpno*
587 772 681 841 ·XX·
711 771 899 862 nngiullce.
928 782 963 840 et
985 772 1046 840 ·II·
1068 760 1135 840 de'i

43 882 52 891 '
83 867 168 937 vini.
211 868 269 943 De
296 861 485 932 diusburltc
513 862 698 928 venientes.
728 858 850 954 debent
872 861 957 927 dare
978 861 1136 929 tabulam
1211 918 1214 923 .

82 996 170 1042 cere.
193 981 228 1037 et
255 954 329 1035 ueri
344 965 428 1034 vini.
492 952 713 1045 De'Colonin
735 962 856 1028 autem
876 963 1051 1031 venientes
1071 964 1137 1051 de-

82 1079 163 1145 bent
185 1072 273 1141 dure
292 1067 399 1137 ulti·
422 1067 591 1135 derectius·
612 1079 648 1135 et
669 1069 716 1145 ·1·‚
734 1051 804 1137 den
822 1068 906 1149 uini.
929 1067 967 1132 in
987 1080 1136 1149 autenm-‚-

75 1187 161 1258 pno.
190 1161 337 1246 insuper
352 1154 405 1244 de
431 1154 581 1243 singulis
607 1152 754 1220 navibus
775 1153 819 1220 Ἰ·
843 1154 1003 1222 tabulam
1023 1177 1136 1231 cerne.

79 1280 119 1343 et
140 1264 184 1331 .·I·
207 1249 277 1330 dcii
293 1259 378 1328 uini.
419 1257 474 1324 Dc
494 1257 625 1342 Binga.
646 1257 689 1324 de
708 1255 919 1325 Lorosclsaz*
943 1259 1000 1326 De
1021 1261 1073 1325 W
1076 1284 1136 1328 01·-

82 1353 198 1422 matia
228 1361 263 1415 et
289 1345 333 1412 de
362 1343 467 1433 Spina
496 1344 671 1410 similiter.
722 1340 911 1411 Venientes
937 1345 982 1411 da
1008 1347 1136 1415 Stron-

82 1452 193 1525 burcls
219 1450 342 1517 debent
370 1448 456 1514 dare
484 1446 563 1514 ·VI·
593 1443 763 1512 denarios.
786 1457 827 1511 ‘et
857 1445 922 1512 ·II·
951 1435 1023 1515 den
1049 1451 1135 1519 vini,

83 1542 141 1610 De
155 1536 371 1605 Rudisltona·
391 1534 484 1600 etde
501 1531 741 1633 Werzetnrct
763 1531 935 1599 similiter.
973 1536 1029 1603 De
1045 1539 1137 1605 Con-
1224 1578 1227 1583 ,

81 1618 220 1696 stantia
245 1620 420 1692 uenientes
449 1619 572 1685 debent
599 1617 696 1686 dare.
716 1640 825 1703 unum
845 1617 984 1686 siclum.
1025 1624 1137 1692 Simi-

83 1714 165 1783 liter
187 1709 231 1778 de
248 1707 397 1777 Zuriclt.
454 1702 641 1793 Venientes
662 1704 706 1769 de
733 1703 1029 1775 Treveri-debent
1043 1712 1147 1778 ¹dnm>

83 1817 189 1888 ·IIIl·
219 1799 297 1880 deii.
324 1808 358 1878 et
380 1806 443 1877 ·II·
467 1792 535 1875 deii
553 1807 638 1878 ninia
683 1807 738 1874 De
759 1806 849 1874 Meti
868 1809 1050 1877 venientes.
1073 1814 1136 1880 de-

69 1919 165 1989 hent
186 1912 309 1988 ·VJH·
331 1910 503 1979 denarios.
525 1920 559 1999 et
580 1909 641 1977 ·II·
663 1895 731 1976 den
750 1910 835 1980 vini.
867 1910 922 1979 De
944 1912 1063 1982 Tullio
1083 1917 1135 2005 ei-

88 2003 229 2073 militer.
260 1999 367 2068 Judei
382 2021 450 2087 pro
473 2012 675 2086 unoquoque
695 1997 810 2066 sclavo
830 1999 990 2088 empticio
1012 2001 1137 2072 debent

88 2090 188 2158 ·IIII·
211 2087 384 2154 denarios.
428 2082 601 2151 Similiter
628 2083 672 2149 de
698 2084 882 2151 saumario.
929 2083 971 2151 V
966 2089 1139 2170 enditor'ee

10 2230 12 2234 »
66 2176 297 2267 gladiorum.
327 2168 500 2238 decimum
528 2170 705 2258 gladium.
767 2171 841 2237 Pro
871 2193 939 2238 uno
970 2176 1136 2267 accipitre

82 2263 202 2335 uenali
224 2256 545 2328 ‘IIII··denurios.“

171 2370 291 2462 Altera
320 2390 444 2480 pagina
477 2389 631 2460 eiusdem
665 2387 740 2459 folii
772 2362 895 2504 ornate
925 2403 975 2460 est
1006 2388 1136 2483 figuris,

84 2491 278 2548 atramento
301 2477 454 2565 de'piotis.
571 2524 587 2545 κ

173 2592 333 2663 Constitit
351 2593 433 2659 olim
454 2592 569 2671 codex¹
583 2591 672 2660 foliis
695 2596 771 2683 298,
793 2618 938 2684 quorum
958 2603 1071 2666 ta'men
1093 2600 1149 2690 95‘
1208 2621 1212 2633 ’

86 2681 202 2750 seculo
223 2679 355 2746 decimo
377 2684 491 2761 texte,
512 2677 569 2745 vel
590 2680 709 2766 quinto
728 2681 797 2746 iam
816 2684 1003 2768 perierunt.
1047 2687 1137 2752 Cer·

86 2784 161 2841 tum
184 2779 235 2833 est
255 2766 347 2833 enim
365 2775 495 2831 resecta
516 2787 588 2830 esee
607 2764 689 2830 folia
710 2764 780 2847 illa,
803 2780 984 2854 antequam
1005 2771 1138 2860 singule
1242 2833 1248 2845 ,

84 2855 205 2930 codicis
240 2851 323 2919 folia
358 2851 471 2918 denno
501 2860 582 2916 sunt
607 2852 854 2939 conglutinata,
893 2853 984 2941 quod
1011 2857 1040 2923 si
1068 2883 1138 2927 non
1241 2850 1244 2861 ’

84 2943 172 3010 XV.
194 2951 231 3006 at
251 2952 343 3005 certe
363 2939 462 3006 XVI.
484 2949 535 3004 est
556 2937 671 3005 seculo
697 2938 836 3006 incunte
857 2938 997 3007 factum.
1048 2944 1138 3012 Cae-

85 3043 199 3111 terum
249 3026 289 3091 ui
313 3025 424 3092 denuo
454 3024 603 3091 codicem
633 3025 895 3112 conglutinavit,
932 3029 968 3092 in
994 3051 1138 3120 compo,-

85 3112 207 3183 nendis
226 3049 318 3195 iotis
335 3110 515 3191 extremis,
542 3133 627 3198 quae
647 3111 753 3186 ¹libros
774 3113 899 3200 aliquot
919 3112 1137 3202 epistolarum
1225 3177 1229 3185 .

83 3201 129 3268 ad
148 3201 310 3267 Diversos
332 3199 525 3273 continent,
546 3198 756 3284 negligenter
776 3210 929 3269 versatus
952 3212 1020 3287 eet,
1050 3207 1138 3292 quod
1232 3268 1234 3275 .

82 3286 164 3356 folia
182 3286 336 3376 plurim
352 3307 423 3351 non
441 3282 561 3350 ordine
582 3307 645 3352 suo
669 3284 841 3376 disposuit.
857 3309 868 3365 '.
982 3350 985 3357 .

173 3402 336 3471 codicem
356 3415 473 3470 autem
493 3425 566 3468 non
586 3424 659 3469 esse
675 3402 822 3492 emplius
837 3404 1008 3491 integrum
1028 3403 1140 3473 iectu-

81 3500 229 3579 remque
251 3491 293 3578 95
316 3489 478 3556 foliorum
508 3486 649 3568 fecisse,
692 3505 766 3558 tum
796 3514 839 3559 ex
867 3491 1011 3570 lacunis,
1055 3514 1139 3579 ques

82 3578 198 3658 habet,
219 3574 448 3664 foliorumque
467 3574 682 3662 fragmentis,
703 3599 792 3664 qnae
812 3578 938 3666 passim
958 3582 1139 3667 reperiun-

84 3676 161 3747 tur',
197 3673 271 3729 tum
292 3684 399 3730 exeo
427 3662 640 3749 intelligitur,
675 3662 765 3749 quod
787 3663 891 3729 homo
906 3663 1051 3751 'quidam
1074 3667 1141 3731 do-

83 3765 158 3818 etus
181 3770 318 3814 aversae
338 3749 480 3838 paginae
500 3748 584 3828 folii,
605 3750 696 3900 ,uod
711 3751 956 3836 agglutinatum
972 3763 1021 3817 est.
1035 3753 1140 3840 ligno,

84 3859 155 3924 quo
178 3834 285 3903 codex
306 3848 499 3923 compactus
522 3847 587 3912 est,
624 3834 697 3901 oliis
719 3837 781 3925 298
804 3860 883 3903 eum
904 3851 1056 3905 constare
1078 3838 1141 3904 ad·

84 3916 228 4023 scripsit.
272 3921 330 3988 Ab
357 3920 478 3988 eodem
506 3921 668 4004 homine,
711 3924 807 3989 ouius
836 3946 958 3989 manus
988 3925 1140 3991 seculum
1176 3914 1182 3946 x

85 4012 261 4077 decimum
283 4007 441 4096 quintum
470 4008 603 4098 prodit,
627 4007 752 4075 eadem
765 4008 804 4073 in
824 4004 946 4098 pagina
969 4011 1141 4077 Ciceronis
1252 4057 1255 4065 ,

83 4097 151 4162 seri
177 4108 229 4176 ta,
250 4114 337 4181 quae
359 4093 479 4177 codex,
499 4117 580 4163 cum
605 4095 736 4185 integer
756 4108 853 4178 esset,
874 4094 1057 4181 continuit,
1076 4099 1143 4165 ¹hoc

84 4118 193 4252 modo
215 4193 291 4249 sunt
312 4178 473 4250 indicatae
