2640 4748
127 272 282 333 Laxant
338 346 343 357 .

125 446 162 509 et
182 432 373 503 verissimas
391 429 574 518 scripturas
591 450 729 521 prorsus
754 431 888 501 silentio
908 431 1189 505 transtulisse-¹

128 519 222 600 vius,
256 520 302 586 ita
330 527 387 596 ut,
419 516 485 611 nisi
499 528 582 591 anm
601 518 728 605 aliquot
748 541 852 603 annos
873 516 993 586 codicis
1014 518 1174 597 Bavarici

121 601 463 692 ¹(Tegernseeansis),
494 626 639 693 quocum
660 604 749 671 mire
769 604 933 673 consentit
952 604 1175 689 Erfurtensis,

127 694 288 763 lectiones
320 689 489 773 variantes
519 710 604 767 ,cum
639 689 722 757 viris
755 689 861 758 doctis
885 690 1176 775 ¹communicasset

129 776 350 857 Garatonius,
387 797 511 862 easque
536 776 626 877 ipsas
655 775 825 865 plerisque
849 776 889 843 in
913 774 996 843 locis
1022 774 1176 853 ‘Orelliue

124 888 195 1021 pro
211 862 434 950 vulgatisiam
449 872 645 955 recepisset,
657 862 842 943 minimum¹
861 863 1011 948 ducentis
1030 862 1069 928 in
1080 864 1175 947 ¹locis

160 949 338 1019 riurtensis
366 948 563 1027 auctoritate
592 947 697 1027 oratio
721 949 789 1027 illa¹
804 950 977 1027 emendari
997 949 1174 1037 potuisset.
1194 948 1202 957 '

60 1076 64 1087 ·
126 1036 360 1109 Nihilominus
387 1034 512 1111 multos
538 1035 729 1115 etianrnuno
754 1036 847 1103 locos
872 1058 938 1123 ope
958 1036 1082 1103 codicis
1105 1059 1174 1115 nor

127 1125 189 1195 stri
211 1145 274 1208 ego
291 1142 376 1187 mox
395 1120 585 1199 restituam,
608 1124 668 1220 qui
689 1121 754 1189 boc
774 1123 849 1209 ipso
869 1144 959 1187 anno
982 1122 1070 1187 banc
1092 1143 1174 1197 orae

127 1213 273 1295 donem,
306 1205 549 1283 commentario
564 1207 694 1281 antico
716 1219 750 1273 et
769 1208 943 1295 exegetica
963 1208 1175 1289 instructam,

128 1298 280 1367 editurus
302 1314 389 1358 sum.
430 1292 470 1357 In
500 1288 580 1380 qua'
595 1292 741 1359 editione
770 1293 959 1382 diligentius
988 1294 1089 1361 etiam
1113 1318 1175 1375 co·

129 1382 209 1448 dicis
241 1377 446 1457 Erfurtensis
496 1389 600 1444 uanta
627 1378 671 1443 sit
697 1381 898 1469 praestantia
928 1392 962 1447 et
992 1378 1175 1461 auctoritas

129 1476 330 1558 exponetur.
362 1464 463 1528 Nunc
488 1487 549 1547 ‚oc
570 1468 701 1529 tantum
721 1464 948 1543 adiiciendum
968 1466 1055 1535 mihi
1075 1466 1180 1533 vide-0*

128 1568 201 1637 tur,
221 1553 321 1625 etiarn
345 1549 605 1636 interpungendi
624 1551 821 1637 rationem,¹
837 1575 917 1619 cum
938 1553 1064 1640 optima
1088 1562 1175 1619 esset

126 1643 167 1709 in
187 1638 301 1709 codiee
321 1645 449 1717 nostro,
463 1658 705 1722 nonnunquam
725 1660 746 1703 a
761 1661 821 1717 me.
832 1639 875 1711 in
890 1639 995 1705 variis
1013 1637 1175 1707 lectioni·

41 1736 44 1741 '
127 1728 190 1795 bus
213 1747 284 1801 esse
304 1736 614 1807 commemoratam·
644 1720 801 1811 Denique
821 1746 866 1793 ue
885 1726 1010 1803 erroris
1028 1727 1185 1807 incusera'

127 1813 188 1901 qui
216 1811 299 1891 alias
325 1830 585 1897 nonnunquam!
606 1827 652 1873 ex
680 1830 721 1871 eo
750 1812 958 1889 enataverim
989 1813 1174 1898 scripturae
1200 1886 1203 1891 ,

127 1897 229 1986 quam
252 1894 417 1961 Graevius
437 1893 729 1975 commemoravit,
748 1898 960 1973 monendum
980 1909 1041 1974 est,
1055 1897 1173 1965 Grae-

127 1986 223 2053 vium
245 2003 323 2047 cum
339 1979 419 2046 alibi
433 1989 516 2047 tum:
528 1980 565 2047 in
585 1980 649 2047 bac
668 1981 768 2047 etiam
790 1983 939 2059 oratioue
957 1998 1014 2057 aut
1030 1981 1174 2071 fugitiva
1195 2018 1201 2025 ·

126 2069 228 2138 oculo
248 2065 435 2155 inspexisse
458 2065 619 2147 codicem,
641 2079 698 2143 aut
719 2068 929 2168 compendia,
952 2070 1074 2157 quibus
1093 2091 1172 2151 usus

128 2153 286 2225 librarius
303 2163 363 2231 est,
384 2151 463 2239 quid
477 2150 703 2237 significarent
714 2174 783 2221 non
798 2155 1013 2231 intellexisse,
1033 2155 1069 2221 id
1084 2152 1172 2243 quod

128 2239 215 2307 mibi
244 2237 379 2326 quidem
409 2237 614 2325 probabilius
642 2237 787 2307 videtur.
838 2242 893 2308 Sic
922 2244 959 2309 G.
989 2242 1049 2309 IV.
1081 2246 1113 2327 §.
1141 2263 1173 2331 9.

125 2351 164 2395 v.
189 2348 238 2393 ιι.
267 2324 430 2412 denique,
464 2325 496 2393 si
517 2324 654 2391 iudicat
675 2324 842 2395 Graevius
861 2326 1096 2405 Erfurtensem
1118 2351 1175 2393 re·-

128 2414 206 2481 tnlit
225 2412 349 2480 babere
371 2411 436 2477 etsi
456 2435 520 2500 pro
543 2413 583 2485 si.
627 2416 676 2477 At
695 2434 765 2491 non
787 2411 890 2479 babet
911 2415 993 2496 etsi,
1014 2414 1174 2493 cedrum

128 2512 292 2582 Bavarico
316 2511 472 2593 etiamsi,
507 2513 572 2577 boc
597 2512 758 2602 scriptum
779 2539 853 2582 com
880 2517 981 2582 endio
1003 2531 1038 2584 et
1059 2519 1104 2595 si,
1127 2512 1174 2587 'id

126 2615 180 2669 ⁴est
199 2599 326 2669 lineola
346 2609 498 2687 superet
520 2600 674 2703 copulam
695 2602 831 2691 posita·
873 2626 893 2669 a
916 2618 1028 2671 autem
1049 2604 1176 2671 lineola

127 2711 191 2780 pro
213 2686 287 2751 iam
307 2686 469 2772 particula
492 2684 635 2753 additur.
678 2687 785 2754 Porro
806 2690 846 2756 G.
859 2689 955 2755 XLI·
975 2690 1068 2777 §.pli
1091 2712 1126 2756 v.
1141 2682 1175 2755 ὃ.

128 2798 210 2842 cum
231 2783 370 2839 tantum
390 2770 544 2840 abesam
565 2774 698 2861 aliquot
718 2775 856 2841 dierum
877 2776 1060 2856 Graevius,
1084 2797 1175 2842 cum

126 2862 230 2947 vulgo
254 2881 318 2947 pro
340 2869 479 2926 tantum
499 2859 703 2924 scriberetur
722 2870 809 2937 tum,
829 2860 1065 2929 Erfurtensem
1086 2860 1175 2928 dixit

127 2957 269 3013 tantum
297 2944 433 3011 habere.
477 2944 524 3009 At
547 2965 618 3009 non
642 2944 741 3011 babet
767 2959 925 3028 tantum,
967 2949 1025 3016 sed
1054 2958 1175 3014 tamen

127 3070 207 3113 curn
222 3045 395 3123 Bavarico,
416 3044 480 3110 hoo
501 3046 662 3134 scriptum
684 3051 882 3141 compendio
904 3034 1005 3145 tumst,
1034 3051 1191 3153 Duplici'

128 3146 241 3200 autem
270 3129 489 3219 compendio,
534 3132 626 3218 quod
657 3134 846 3202 Graeciam
875 3136 1009 3207 videtur
1036 3138 1174 3226 fugisse,

124 3236 255 3323 librarii
280 3256 342 3322 pro
371 3243 485 3301 tamen
505 3228 667 3321 particula
689 3240 741 3303 usi
768 3250 867 3321 sunt,¹
892 3239 999 3306 'modo
1028 3241 1094 3331 hoc
1112 3226 1172 3323 tri,

125 3338 229 3409 modo
252 3337 316 3403 hoc
337 3320 422 3402 tom.
465 3336 710 3427 Compendium
732 3354 857 3429 autern,
877 3340 946 3429 quo
969 3332 1108 3431 santam
1121 3336 1170 3421 si-

126 3442 315 3532 gnificatur,
336 3439 400 3505 hoc
422 3452 470 3506 est
490 3426 551 3508 ίῆ.
592 3443 648 3509 Ex
669 3442 790 3531 quibus
813 3444 1019 3533 compendiis
1040 3428 1172 3529 intelli·

127 3531 233 3619 gitur,
257 3550 357 3614 quam
380 3525 480 3595 facile
501 3528 684 3618 particulae
702 3541 858 3628 tantum,
878 3543 1007 3611 tamen,
1029 3544 1062 3599 et
1082 3541 1173 3611 tumr

152 3656 216 3698 uae
241 3642 411 3718 postrema
438 3630 494 3697 sic.
508 3630 611 3699 scribi
631 3632 756 3699 solebat
774 3645 835 3719 tu,
853 3686 857 3693 .
872 3657 895 3702 a
914 3632 1063 3702 librariis
1083 3655 1172 3704 con·

127 3658 226 3787 llundi
251 3716 433 3807 potuerint.
467 3786 470 3792 ,

363 3881 457 3950 eno
487 3883 532 3985 r,
559 3885 711 3957 sunm
741 3848 963 3987 amona·
1022 3982 1024 3987 Δ
1064 3922 1087 3955 -.

136 4088 139 4093 .
211 4035 314 4105 Errat
338 4030 517 4115 Orellius‚¹
547 4035 605 4123 qui
632 4037 668 4104 in
689 4008 773 4119 nota¹
790 4037 904 4119 critica
924 4034 1004 4105 huic
1026 4010 1172 4103 orationi

77 4182 82 4191 .
125 4118 278 4209 praelixa
301 4116 464 4201 codicum,
486 4119 542 4206 qui
563 4122 649 4193 hanc
670 4140 847 4195 servarunt
869 4126 1066 4206 orationem,
1086 4144 1172 4212 pre-

126 4209 213 4289 tium
234 4205 519 4295 etauctoritatem
541 4208 587 4277 ita
608 4214 792 4295 constituit,
812 4222 850 4281 ut
871 4213 985 4300 primo
1005 4211 1080 4279 loco
1101 4208 1173 4279 Ba·
