2634 4748
580 230 886 296 νήνι-Γ

115 491 116 496 ,
183 415 295 490 laude
319 425 358 486 et
381 413 500 511 gloria
525 413 829 507 administrabas,
856 415 906 487 ad
917 415 1028 488 Viros
1045 417 1230 506 Summos,

188 565 253 661 qui
278 565 390 638 rebus
403 568 501 662 regis
513 567 766 655 Borussorum
778 566 1027 662 potentissimi
1038 580 1232 662 praesunt,

186 716 234 788 da
271 719 453 813 petitione
492 740 579 795 mea
620 717 791 795 retulisti.
849 717 1025 812 Quorum
1064 719 1235 792 virorum

40 930 55 941 .
186 867 392 949 liberalitas
417 893 642 979 quamquam
656 871 809 941 summis
823 868 1050 963 celebranda
1060 864 1234 942 laudibus

189 1030 263 1112 est,
296 1006 397 1116 quod
422 1021 514 1093 mihi
539 1024 666 1095 extero
691 1022 859 1095 codicem
883 1020 991 1093 illum
1016 1023 1057 1092 in
1081 1023 1251 1116 longum-

77 1212 108 1238 .·
189 1174 368 1269 temporis
409 1175 578 1270 spacium
615 1174 882 1273 benignissime
922 1173 1236 1258 commodandum

191 1332 427 1418 censuerunt,
451 1318 578 1405 tamen
590 1325 648 1400 Te
673 1336 828 1402 auctore
853 1351 940 1397 cum
964 1325 1030 1398 illo
1047 1349 1108 1398 me
1122 1346 1237 1399 orna-

128 1558 134 1573 *
190 1487 271 1553 tum
295 1475 478 1552 beneficio
503 1481 701 1571 sentirem,
738 1502 817 1555 non
841 1480 947 1573 potui
972 1479 1074 1550 hunc
1099 1478 1238 1549 librum
1289 1521 1291 1525 ι

192 1629 403 1727 dinilgara,
443 1633 534 1729 quin
564 1632 764 1726 gratissimi
795 1630 871 1703 mei
904 1653 992 1723 erga
1026 1630 1085 1701 Te
1123 1630 1239 1752 animi
1298 1691 1301 1697 .

193 1784 297 1855 testis
327 1794 434 1890 esset.
484 1784 615 1881 ltaque
646 1808 722 1879 qua
746 1783 810 1856 Tu
840 1781 1112 1875 benivolentia,
1153 1806 1240 1854 cum

192 1936 357 2030 primum
381 1960 451 2032 por
475 1936 619 2011 litteras
644 1936 734 2009 Tibi
758 1932 1018 2026 innotuissem‚
1044 1957 1106 2008 me
1132 1958 1242 2005 com-

159 2102 161 2107 ·
194 2087 308 2181 plecti
341 2110 421 2162 non
456 2089 656 2176 recusasti,
698 2087 830 2159 eadem
859 2108 953 2182 rogo
979 2084 1040 2156 Te
1070 2095 1114 2154 ut
1146 2083 1241 2172 leve,

95 2251 99 2269 ¹
184 2231 298 2334 =qi10d
322 2240 372 2313 ad
392 2234 456 2313 ’Ila
479 2242 608 2329 mitto,
630 2237 898 2314 nurnusoulum
923 2236 1093 2328 accipias.
1137 2235 1244 2306 Deus

162 2470 166 2474 ,
183 2400 323 2466 autem
333 2392 495 2487 optimus
504 2394 689 2466 maximus
701 2392 793 2470 faxit
799 2443 811 2484 ,
822 2400 865 2470 ut
876 2388 1104 2486 perlongum
1119 2346 1244 2457 auno*

96 2600 100 2607 ι
197 2567 282 2624 rum
307 2545 443 2617 seriem
467 2547 613 2641 patriae
627 2547 735 2639 Tuae
760 2545 936 2642 prodesse
960 2535 1096 2638 possis,
1121 2539 1246 2613 virtu-

173 2688 177 2697 ’
197 2645 353 2794 tumque
377 2698 550 2777 'I'uarum
575 2724 620 2779 ac
636 2699 812 2776 laborum
825 2689 970 2769 fructus
988 2693 1112 2788 capias
1127 2692 1248 2759 uber-

199 2851 315 2922 rimos
341 2861 380 2922 et
403 2852 611 2924 diuturnos.
660 2849 758 2922 Vale
774 2830 941 2940 mihique
960 2842 1056 2914 save.
1108 2838 1248 2933 Scripsi

85 3053 90 3073 .
190 3004 378 3090 crima,
404 3001 466 3074 111.
491 3013 580 3077 ante
604 3000 834 3104 nonaria.
859 2974 1198 3072 uncccxxvu.
