2634 4748
590 90 614 146 ,Ι
670 50 676 60 ⁶

930 315 932 322 ,
1052 264 1179 334 snm

128 429 205 497 dem
232 423 479 502 terminationis
506 421 563 491 hio
585 422 732 512 legatur,
763 445 836 495 uon
862 424 1032 510 remorari
1058 427 1094 508 id
1122 429 1180 494 tn-
1274 504 1276 509 Α

128 515 360 583 commodum.
402 514 527 600 Neq'ue
553 512 843 583 veromedemur
864 514 911 601 ei,
941 516 970 579 si
991 514 1096 581 verba
1119 514 1190 580 di..

127 601 270 679 riditrre,
301 602 528 668 renunciatus
547 596 663 686 spuria
684 598 880 666 iudicamus.
922 603 1015 668 Nam
1036 601 1092 688 qui
1113 601 1179 665 ad·
1256 601 1259 605 ’

128 689 212 754 didit
231 688 327 770 talia,
358 709 429 752 non
450 683 559 774 potuit
578 683 666 750 aideo
689 686 826 775 ineptus
848 708 939 766 esse,
981 699 1021 752 ut
1042 687 1179 754 nullum

128 797 205 841 cum
227 773 358 842 adesset
385 769 650 852 substantivum,
694 770 737 836 ad
764 771 854 859 quod
880 772 1003 840 referri
1031 787 1178 861 possent,

127 860 301 1012 parlgcipia
321 857 456 948 generis
473 855 630 925 feminini
656 877 725 924 non
746 856 860 926 addito
885 859 1094 928 substantivo
1116 861 1203 928 ad-.
1267 869 1307 956 ’χ

124 970 191 1013 sorr
215 958 298 1016 eret.
806 971 809 977 ·
899 982 902 987 ·

210 1051 327 1136 Itaque
348 1044 421 1113 sive
442 1046 672 1147 spuriaosunt,
693 1046 764 1115 eive
785 1046 954 1134 genuina,
974 1073 1044 1116 non
1065 1061 1203 1140 potest.

122 1133 289 1216 dubitari,
331 1135 416 1221 quin
450 1133 672 1199 librariorum
707 1134 907 1221 negligentia
942 1137 1107 1204 omissum
1136 1140 1179 1204 sit

127 1220 393 1298 substantivum,
422 1219 477 1283 cui
497 1218 675 1309 participia
700 1219 760 1285 illa
781 1221 935 1287 adiuncta
956 1221 1093 1289 fuerint.
1137 1225 1178 1290 Id
1280 1285 1282 1296 ,

127 1318 242 1372 autem
263 1318 355 1371 certa
382 1314 494 1393 potest
515 1305 710 1372 coniectura
738 1305 881 1373 restitui.
923 1309 1071 1377 Excidit>
1085 1311 1179 1377 enim

127 1392 306 1460 manifesto
333 1404 411 1483 post
439 1389 606 1491 diribitae
633 1412 705 1492 rox
732 1391 897 1472 tabellae,
931 1415 1017 1544 39³⁶
1046 1396 1073 1461 si
1101 1396 1178 1496 tuit,

124 1500 214 1631 puae
237 1475 442 1545 consuetudo
462 1488 511 1542 est
530 1477 763 1557 hbranorum,
785 1501 930 1567 compen
953 1505 1023 1548 rose
1043 1494 1179 1573 scripta,

141 1565 285 1656 acillime
305 1562 584 1654 praecedentibus
610 1563 732 1631 litteris
754 1574 813 1633 tae
835 1564 942 1633 deleri
961 1569 1082 1656 potuit

210 1668 281 1734 Iam
303 1667 437 1765 optime
454 1666 605 1752 procedit
625 1664 733 1732 oratio
757 1666 819 1732 itas

134 1792 137 1796 ·
214 1756 367 1822 Vocetoe
388 1749 517 1834 trebrrs3
541 1753 655 1820 latum
676 1750 907 1846 suffragium
929 1751 1095 1821 diribitae
1120 1763 1182 1843 tra-¹

126 1838 252 1920 deiide,
273 1839 515 1929 renuncietees
536 1837 638 1928 longe
653 1839 852 1929 plurimum
869 1839 986 1908 voluit
998 1839 1181 1912 Plancina.

211 1944 334 2029 Neque
354 1953 423 2020 est,
453 1941 542 2030 quod
563 1939 639 2030 quis
661 1940 807 2011 verbum
836 1945 1062 2014 renunciatus
1082 1943 1180 2015 inso-

125 2028 248 2097 lentius
270 2029 358 2096 dicct
378 2025 551 2113 additum,
603 2029 739 2096 uoniam
759 2029 920 2120 suffragia
940 2030 1054 2121 potius
1076 2051 1180 2116 quam

85 2143 87 2146 ’
127 2116 263 2183 tabellae
291 2115 577 2183 renuncientur.r
620 2114 737 2184 atella
758 2118 869 2198 enim,
906 2116 948 2186 de
977 2116 1121 2184 comitiis
1150 2117 1179 2185 si
1249 2126 1254 2138 ”

124 2202 251 2302 agitur,
271 2201 440 2305 suffragii
459 2223 595 2291 semper
616 2202 800 2269 notionem·
814 2204 915 2270 simul
936 2198 1104 2284 continet,
1130 2204 1179 2272 ita
1268 2214 1271 2219 '

125 2301 165 2365 ut
191 2312 230 2355 ru
257 2287 441 2355 coniunctis
467 2287 519 2354 his
554 2288 668 2359 verbis
698 2287 825 2356 offendi
862 2291 938 2355 iure
965 2312 1035 2356 non
1063 2290 1180 2380 possit.

122 2376 240 2462 Itaque
259 2398 341 2441 vera
353 2379 495 2458 manet,
516 2374 589 2442 imo
606 2371 784 2441 verissima
805 2375 971 2464 scriptura
994 2376 1179 2442 verborum
1299 2375 1300 2378 ’

123 2457 290 2527 diribitae
326 2459 493 2542 tabellae,
538 2482 687 2546 quorum
724 2463 819 2550 prius
847 2460 1017 2562 quomodo
1044 2465 1081 2528 in
1096 2500 1099 2505 ·
1116 2463 1197 2528 de·-

124 2547 277 2634 scriptee
299 2567 318 2608 a
339 2544 486 2623 librariis
506 2547 657 2632 potuerit
677 2547 821 2630 mutari,
851 2548 1033 2636 intelliget,
1062 2549 1119 2636 qui
1140 2546 1178 2614 in

124 2633 193 2700 Pis.
218 2630 258 2696 C.
278 2629 361 2700 XV.
381 2629 526 2697 verbum
547 2630 744 2704 diribitores
767 2636 809 2698 ab
832 2634 970 2721 antiqua
990 2655 1095 2700 snanu
1116 2656 1180 2722 per

124 2716 348 2818 discriptores
378 2739 452 2782 esse
481 2717 686 2806 explicatum
706 2718 841 2785 viderit
884 2719 1026 2786 Codices
1052 2730 1178 2801 autem,

124 2805 304 2893 inquibus
327 2802 521 2894 descriptae
541 2804 684 2890 legitur,
710 2806 752 2871 ad
772 2828 880 2872 unum
901 2828 1020 2871 omnes
1043 2829 1087 2873 ex
1107 2826 1199 2872 uno'
1233 2868 1240 2877 ,.

126 2893 313 2978 eodemque
340 2912 401 2956 nec
430 2914 470 2957 eo
500 2891 638 2980 antiquo
667 2904 758 2959 ortos
787 2891 975 2981 exemplari
1011 2915 1100 2974 esse,
1141 2891 1179 2959 in

124 2976 376 3064 Prolegornenis
410 2976 450 3042 ad
487 2979 677 3046 orationem
713 2979 930 3050 Plancianam
968 2974 1178 3046 docebimus.

124 3065 301 3153 Scriptura
318 3065 518 3153 rescriptae,
538 3063 575 3131 in
599 3065 714 3134 codice
725 3065 892 3155 pessimae
911 3077 1011 3133 notae
1031 3076 1180 3158 reperta,

117 3151 174 3223 ‚nit
196 3150 261 3216 nisi
282 3149 413 3217 librarii
438 3174 535 3218 error
556 3164 623 3236 est,
652 3177 699 3222 ex
720 3153 916 3245 descriptae
938 3164 1043 3221 ortus.

210 3248 316 3333 Cicer.¹
344 3252 410 3342 Ep.
435 3253 478 3319 ad
501 3253 672 3340 Quintum
700 3253 742 3322 fr.
772 3258 840 3336 III,
869 3257 903 3325 4.
929 3251 932 3261 ¹
957 3254 996 3324 Is
1025 3253 1178 3323 diribitis

124 3337 263 3439 tabeltis
284 3340 327 3440 de
350 3341 477 3437 circulo
498 3363 535 3406 se
564 3340 750 3422 subduxit,
786 3355 822 3410 et
851 3343 1017 3435 Pompeio
1039 3343 1179 3431 primns
1267 3392 1273 3401 .

124 3437 317 3497 nunciavit.

212 3527 279 3595 Hic
301 3517 380 3593 cum
401 3527 545 3596 editores
574 3525 800 3611 recentiores,
830 3526 866 3597 id
895 3527 984 3618 quod
1012 3527 1180 3613 sententia

122 3615 230 3683 totius
249 3614 317 3679 loci
343 3613 521 3682 manifesto
551 3615 714 3696 ostendit,
742 3640 822 3684 cum
851 3612 1033 3699 Garatonio
1061 3613 1179 3681 ador.

123 3707 190 3774 Pis.
214 3702 254 3768 C.
276 3699 351 3766 XL.
371 3711 454 3767 'non
476 3701 520 3768 de
547 3702 732 3770 distributis
753 3704 842 3771 inter
870 3703 1016 3781 iudices,
1053 3699 1111 3766 sed
1134 3701 1179 3770 de

123 3787 287 3878 separatis
309 3785 350 3851 ad
374 3787 688 3876 pronunciandum,
731 3791 813 3878 quid
834 3788 1011 3856 statuerint
1037 3786 1079 3854 de
1103 3787 1180 3854 Ge·-

123 3877 236 3956 binio,
256 3873 386 3942 tabellis
408 3873 462 3960 agi
482 3874 549 3940 iam
570 3875 815 3956 intellexerint,
837 3876 984 3944 eundem
1004 3873 1061 3941 hic
1082 3874 1181 3943 verbi

123 3960 273 4028 diribere
295 3971 395 4048 atque
415 3962 450 4026 in
467 3960 542 4027 loco
555 3960 747 4047 Planciano,
769 3967 811 4031 de
832 3987 899 4050 quo
916 3961 1017 4029 modo
1040 3960 1181 4040 dictum,

124 4050 153 4114 si
177 4047 351 4115 nificatum
374 4069 447 4112 esse
469 4059 645 4151 oportere,
666 4072 737 4117 non
759 4074 845 4139 opus
867 4061 917 4114 est
937 4059 976 4113 ut
995 4069 1179 4136 exponatu.
1286 4118 1289 4124 ,

164 4135 285 4201 idimus
307 4145 422 4207 autem
444 4155 514 4201 non
535 4133 645 4201 dtrem
673 4137 734 4217 tis,
765 4137 856 4224 quod
878 4145 1080 4224 receperunt
1100 4133 1179 4204 ett-

121 4234 214 4289 -tores
236 4221 460 4306 recentiores,
488 4221 548 4289 sed
569 4157 721 4291 diriditis
742 4223 922 4314 legendum
943 4240 1051 4324 esser
1129 4283 1132 4287 ,
