2634 4748
1080 296 1150 348 ut

102 468 213 526 'mun
246 459 359 556 Itaque
380 455 436 520 hic
453 448 595 546 virtutis
614 444 852 541 leudesium
870 452 919 520 tIc
939 452 1069 525 dictum
1088 463 1157 540 est,⁴
1230 437 1234 445 ¹

109 558 147 611 ut
168 545 251 612 laus
270 539 410 611 virtut-is
430 539 465 605 id
487 540 548 621 sit,
582 562 656 628 *quc
676 540 803 607 vitain
824 551 999 609 aeternum
1020 544 1151 630 produ·
1243 581 1246 588 ν

110 642 205 696 catur
233 642 267 696 et
287 639 449 693 servetur.
492 627 618 692 Contra
640 624 820 713 dicendum
841 638 891 693 est
912 627 948 696 in
967 629 1089 716 aliqua
1110 651 1150 696 re

29 773 62 795 ,,
107 714 392 800 vivere‚·quoties
414 720 518 780 status
538 714 592 779 vel
613 712 776 792 conditio,
805 712 841 777 in
863 733 927 799 qua
947 715 1052 780 vitam
1098 713 1151 780 uis
1230 748 1232 763 =

109 806 227 890 degat,
265 797 475 868 describiutr:
516 796 574 864 sie
602 798 736 864 Iocutus
762 797 882 863 Cicero
910 811 961 868 est
989 800 1029 866 de
1051 737 1152 866 olto.

108 891 150 956 L.
177 888 240 956 ms
264 911 292 952 c.
322 885 348 950 Ι.
381 884 410 969 9.
440 886 471 952 3.
528 881 588 950 Ita
617 882 743 974 quiin
768 883 926 950 munima
953 885 1150 952 celebritate

109 987 214 1064 atque
242 973 279 1039 in
299 971 407 1036 oculis
429 970 558 1037 civium
581 968 754 1059 quondum
774 968 934 1037 viximus.
956 983 989 1037 et
1010 971 1052 1036 de
1072 971 1158 1039 Fine
1196 1054 1200 1058 ῃ

106 1062 150 1127 Ι..
168 1062 193 1126 Ι.
216 1082 243 1125 c.
259 1058 350 1123 XIII.
372 1057 402 1141 ὃ.
418 1055 468 1123 45.
491 1078 563 1145 qua
575 1055 814 1143 ,praeceptrice
834 1054 872 1123 in
892 1056 1150 1145 tranquillitate

27 1212 35 1219 ,
106 1147 178 1215 vivi
196 1156 322 1233 potest.
386 1145 514 1221 Nostro
534 1153 658 1217 ,autent
682 1141 758 1206 Ioco
786 1164 855 1206 non
890 1154 999 1242 potest
1028 1142 1151 1210 omissa

107 1229 356 1322 praepositione
377 1227 494 1314 glorio
517 1224 677 1316 et'laude
699 1226 777 1306 dici,
798 1247 964 1312 quomam-
979 1224 1085 1293 rerba
1108 1226 1150 1295 olr

106 1314 280 1387 virtutem
319 1310 513 1393 raeceduut,
533 1311 676 1399 ideoque
696 1312 820 1379 virtute
841 1311 963 1379 dieitur
985 1313 1088 1393 effici,
1108 1327 1152 1380 ut

74 1405 159 1471 κΜ.
181 1337 361 1468 Marcellus
408 1407 633 1465 estmortem
649 1394 749 1461 etiam
768 1397 868 1465 vivat.
909 1397 1023 1486 Itaque
1047 1400 1150 1466 verba
1244 1405 1251 1421 “

105 1487 224 1580 gloria
240 1497 280 1577 et
302 1421 407 1551 leuel,

73 1590 77 1599 '
112 1575 235 1643 virtute
262 1593 320 1637 sua
344 1570 522 1635 Marcellus
552 1568 590 1634 in
612 1578 788 1635 aeternum
809 1567 931 1634 dicitur
952 1571 1150 1662 producere,

107 1659 294 1727 necessario
309 1656 430 1723 debent
442 1653 599 1735 indicare,
617 1678 661 1722 ex
683 1677 749 1748 quo
769 1653 976 1743 intelligitur,
996 1656 1034 1726 in
1051 1680 1148 1747 prae-
1217 1694 1220 1707 ·

106 1744 310 1837 positionem
331 1765 402 1809 esse
427 1740 624 1809 addendum

380 1874 476 1947 ruo
505 1878 632 1946 cnon
659 1857 874 1946 neuun.
929 1855 936 1865 “
980 1820 1017 1945 ss

387 1482 657 1551 econditionem
678 1482 733 1547 vel
752 1493 877 1561 statum
900 1484 1005 1567 vitae,
1045 1503 1166 1572 quant.
1204 1521 1236 1546 .·
1268 1537 1273 1547 .

195 1997 323 2063 Paucos
352 2007 434 2084 puto
463 1995 591 2062 codices
607 2026 608 2031 ¹
623 2007 756 2074 extare,
798 1993 833 2061 in
863 1994 984 2085 quibus
1014 1995 1149 2084 aliquod
1250 2050 1254 2059 ,

113 2078 317 2168 antiquitatis
345 2080 603 2150 monumentum
633 2082 849 2172 librariorum
875 2080 1006 2147 mendis
1033 2094 1066 2149 et
1087 2103 1149 2149 er*-

40 2220 47 2228 .
110 2167 240 2235 roribus
270 2179 337 2233 tam
370 2169 523 2234 immune
556 2169 599 2234 sit
625 2177 814 2244 servatum,
859 2187 961 2252 quam
987 2168 1071 2234 baec
1100 2179 1151 2248 est

111 2254 215 2319 oratio
238 2253 272 2319 in
295 2253 407 2319 codice
428 2254 625 2323 Erfurtense
647 2264 787 2320 servata.
816 2253 909 2317 Nam
926 2253 954 2317 si
975 2256 1150 2344 exceperis
1254 2272 1256 2276 ·
1300 2253 1309 2265 ”

110 2339 150 2404 0.
171 2341 197 2409 Ι.
220 2339 250 2425 §.
275 2361 303 2413 t·
325 2361 357 2403 v.
381 2342 429 2418 5.,
460 2341 520 2405 ubi
538 2363 603 2429 pro
627 2339 779 2420 Quirites
797 2339 885 2402 male
907 2361 1032 2425 quare,
1055 2353 1088 2406 et
1109 2342 1150 2409 C.

108 2425 134 2490 1.
155 2424 186 2510 §.
210 2447 241 2490 2.
262 2446 296 2488 v.
312 2446 355 2510 7.,
375 2426 434 2491 ubi
455 2449 518 2513 pro
539 2427 657 2491 eodem
678 2424 816 2492 nomine
837 2422 921 2490 falso
944 2447 1006 2491 cur
1026 2427 1151 2509 scribit,

12 2534 17 2551 ,·
134 2533 212 2576 orro
234 2511 274 2574 Ο.
294 2510 319 2574 Ι.
342 2513 371 2591 §.
396 2521 428 2578 3.
450 2533 482 2577 v.
502 2512 551 2595 4.,
566 2512 631 2578 >ubi
652 2534 716 2597 pro
739 2511 804 2590 Gn.
826 2509 926 2578 habet
943 2532 1086 2598 genere,
1107 2512 1149 2580 0.
1183 2522 1188 2529 ’

109 2534 174 2661 iV.
197 2597 228 2680 ς.
253 2615 303 2659 10.
325 2619 359 2659 v.
384 2619 445 2670 11·,
469 2597 527 2660 ubi
548 2620 610 2683 pro
632 2596 753 2685 afficta
774 2597 935 2673 habet-ac
944 2595 1051 2684 ficta,
1073 2622 1152 2664 eos-

44 2720 46 2725 ·
111 2702 177 2770 que
197 2683 288 2746 locos
309 2678 345 2744 in
367 2680 462 2745 initio
491 2681 665 2755 orationis,
697 2682 757 2746 ubi
776 2704 842 2768 pro
864 2703 908 2746 ex
930 2682 984 2748 vel
1007 2708 1025 2747 e
1046 2706 1152 2771 prac-

23 2814 25 2824 ·
109 2767 275 2858 positione
298 2766 386 2831 male
410 2777 454 2832 et'
470 2767 627 2853 copulam
648 2767 766 2832 habete
796 2765 930 2831 nullum
951 2767 1022 2833 fere
1044 2791 1151 2916 prae-
1235 2774 1239 2787 '

110 2871 201 2921 terea
222 2851 402 2933 mendum,
416 2851 519 2938 'quod
539 2853 733 2941 cuiusquam
753 2851 918 2918 momenti
938 2852 995 2934 sit,
1024 2875 1041 2917 a
1066 2853 1153 2920 mis-

109 2964 184 3007 sum
212 2940 390 3027 reperiere
420 2942 543 3024 Neque
580 2962 620 3003 eo
649 2937 748 3005 etiam
777 2936 918 3003 nomine
947 2939 1153 3027 reprehendi

110 3038 236 3177 potest,
272 3048 338 3112 quo
367 3025 523 3113 plurimi,
555 3023 625 3090 imo
648 3047 764 3090 omnes
786 3021 856 3090 fere
878 3024 1009 3092 codices
1030 3049 1153 3115 repre-
1205 3044 1208 3054 ‘

137 3111 320 3196 enduntur,
363 3111 451 3197 quod
485 3112 607 3199 passim
631 3112 767 3178 incuria
800 3109 1014 3192 describentis
1045 3112 1151 3181 verba
1261 3102 1265 3143 ³

110 3199 236 3285 aliquot
251 3195 390 3263 'omissa
418 3197 494 3262 sint.
552 3197 650 3264 Unus
678 3197 771 3265 enim
798 3197 905 3276 locus
921 3209 972 3264 est
997 3209 1152 3264 tantum-

105 3283 212 3350 ·moso
235 3283 426 3351 c.xx1ss.
450 3282 480 3366 t·
497 3283 548 3349 66·
572 3308 604 3350 v·
622 3306 673 3349 11·
698 3305 759 3361 12·›
779 3288 816 3348 ³¹²
837 3305 903 3382 ‘1¹3⁰
924 3296 1079 3374 “Festum
1101 3294 1152 3352 ‘⁸‘
1253 3306 1269 3369 Ὗ
1308 3376 1311 3385 .

110 3370 223 3449 verba,
245 3392 330 3456 quae
351 3368 552 3445 nonhabet,
572 3368 695 3434 iniuria
717 3393 787 3435 esse
809 3390 940 3434 omissa.

183 3453 424 3523 'Nihilominus
448 3457 577 3519 mirum
601 3466 763 3542 quantum
790 3455 831 3519 ab
859 3457 1052 3522 recensione
1079 3456 1150 3524 Er·
1214 3502 1217 3507 -

109 3541 262 3608 nestiana
283 3541 429 3607 discedit.
462 3539 611 3623 Omnino
632 3551 745 3611 autem
762 3541 855 3606 nulla
867 3541 932 3606 alia
944 3543 981 3606 in
996 3542 1167 3611 oratione·¹

109 3639 261 3708 tantum,
292 3639 456 3714 quantum
477 3618 518 3693 in'
536 3625 617 3708 hac,
646 3625 799 3692 codicum
820 3627 1002 3715 scripturae
1023 3627 1153 3696 discre-

53 3744 58 3751 ·
108 3724 204 3803 pant.
240 3713 300 3780 Ac
321 3734 565 3801 saepenumero
587 3713 723 3800 quidem
740 3713 897 3802 duplex,
930 3734 1030 3799 quam
1050 3738 1151 3801 prae·

111 3807 188 3867 bent
209 3799 357 3874 codices,
377 3797 543 3885 scriptura
564 3798 729 3865 eiusmodi
751 3810 819 3880 est,
849 3806 887 3864 ut
908 3808 982 3864 utra
1000 3803 1151 3887 genuina

102 3886 177 3975 sit,
209 3887 269 3952 le
295 3884 450 3951 videatur
475 3883 608 3951 decerni
635 3908 744 3974 posse.
802 3887 912 3954 Porro
932 3884 1060 3951 addunt
1081 3911 1151 3955 non

109 3993 185 4039 raro
213 3993 290 4060 pars
320 3970 474 4038 codicum
502 3970 605 4037 verb'a
631 3970 812 4054 nonnulla,
855 3991 940 4058 quae
960 3972 1152 4061 genuinane

21 4056 30 4067 '
110 4056 176 4123 sint
196 4078 239 4122 en
261 4057 386 4145 spuria,
408 4068 476 4124 non
498 4054 610 4122 minus
631 4057 772 4124 dubium
792 4070 853 4126 est.
888 4057 1044 4146 Denique
1066 4082 1150 4124 rer-

108 4141 232 4236 borum
252 4143 422 4209 collocatio
443 4144 481 4208 in
501 4141 575 4211 aliis
589 4140 755 4210 codicibus
770 4144 870 4232 longe
882 4144 946 4210 alia
960 4157 1020 4210 est.
1053 4145 1152 4231 Quas
1186 4209 1189 4214 .

108 4228 168 4316 qui
189 4229 395 4319 reputaverit
414 4234 550 4312 secum,
588 4250 723 4297 necesse
745 4242 795 4298 est
815 4232 854 4300 in
874 4230 1152 4320 alterutramqin-
