2640 4748
129 294 200 353 cru
263 282 267 287 '

47 482 49 487 ·
127 451 212 523 nihil
242 472 319 517 meo
347 445 469 521 iudicio
498 444 656 534 impedit,
701 468 770 534 quo
802 445 918 516 minus
953 460 1050 517 recte
1083 450 1189 523 etism

92 604 100 629 s
128 540 316 608 sententiae
337 531 480 603 diriberi
499 530 670 615 dicentur,
692 535 854 621 quoniam
873 535 1091 604 sententiam
1112 560 1189 605 sce·

128 627 265 719 pissime
287 645 351 712 pro
367 618 542 712 suffragia
564 640 637 685 esse
651 632 851 708 usurpatum
867 620 1053 689 cernimus.
1093 624 1189 694 Num

128 711 339 782 sententium
349 704 467 796 ferre,
488 704 586 790 ,quod
614 702 923 791 frequentissimum
944 718 994 773 est
1020 708 1190 799 loquendi

152 820 251 879 enus,
272 816 375 861 nemo
395 801 481 858 esset
502 812 604 859 ausus
625 788 747 873 dicere,
767 792 834 859 nisi
848 793 988 883 proprie
1008 800 1189 873 sententia

127 822 186 953 bio
205 879 360 969 suffragii
386 874 555 974 habuisset
582 877 767 942 notionem.
813 879 911 965 Quae
932 879 1035 947 simul
1067 906 1189 953 cauus

130 984 190 1049 est,
212 992 284 1051 our,
304 964 394 1053 quod
414 963 515 1028 muln
527 984 619 1029 nunc
639 962 842 1031 nostratium
863 964 989 1045 dicunt,
1008 966 1189 1041 iudicium

120 1057 245 1152 ferre,
286 1054 523 1121 Romanorum
550 1069 653 1114 nemo
689 1047 826 1117 dixerit.
874 1049 1055 1121 Iudicium
1073 1062 1079 1071 ‘
1096 1056 1201 1125 enim

128 1161 318 1229 numquam
345 1133 564 1233 significetum
593 1132 745 1221 suffragii
775 1135 904 1205 habuit.
956 1140 1189 1247 Suffragium

130 1241 245 1297 autem
257 1225 360 1316 ferre
381 1241 543 1310 quomam
565 1220 649 1307 quid
676 1223 815 1309 proprie
835 1224 1046 1309 significant,
1084 1250 1190 1317 ugno-

130 1338 216 1466 rarpi
230 1330 325 1379 nunc
345 1307 502 1374 homines
527 1305 619 1373 docti
638 1304 813 1392 videntur,
845 1310 1008 1399 singulari
1036 1336 1190 1385 excluse

153 1425 174 1469 u
218 1420 301 1466 ere
364 1416 431 1461 am.

131 1426 152 1479 ⁰
217 1486 260 1552 In
280 1414 414 1550 Addua.
435 1479 533 1547 Grut.
554 1476 633 1547 Act.
708 1478 781 1568 705.
804 1477 857 1547 ed.
881 1479 973 1549 Tull.
1000 1506 1067 1574 pro
1096 1486 1190 1556 dirt-

81 1632 86 1649 ,
132 1574 242 1645 bbere
268 1568 350 1637 item
378 1565 435 1634 alii
457 1564 588 1633 codices
617 1500 742 1633 habere
771 1563 995 1638 distributore
1015 1571 1188 1641 dicuntur.

218 1660 260 1726 Iu
282 1650 480 1744 Symmachi
500 1651 574 1719 loco
594 1650 681 1719 nibil
702 1666 754 1718 est
773 1653 951 1722 varietatis.

219 1742 326 1844 Apud
346 1737 476 1827 Appul.
497 1738 639 1805 Metam.
661 1737 703 1822 II,
736 1739 789 1805 52.
809 1741 933 1828 p.157·
957 1740 1012 1808 ed.
1026 1740 1188 1813 Oudend.

132 1855 197 1924 pro
217 1829 411 1897 diribitores
432 1824 543 1906 Flos„
569 1822 657 1907 Pal„
685 1824 792 1908 Pith„
819 1823 955 1905 Guelf.,
986 1828 1132 1913 Orsill„
1152 1840 1188 1897 et

133 1920 226 1986 editt.
248 1936 367 1980 omues
388 1920 467 1978 ante
489 1908 652 1977 Colvium
673 1909 887 1998 dirivitores,
916 1912 1013 2001 Lips.
1035 1914 1189 1989 diruitoe

133 2028 207 2085 res,
228 2002 306 2069 Par.
327 1996 518 2078 duritores,
540 2008 574 2064 et
594 1996 682 2061 Fux.
703 1996 882 2065 dirimires.
899 1998 1040 2067 habent.

223 2086 350 2155 Adhuc
369 2079 514 2149 verbum
537 2080 684 2148 diribere
703 2083 841 2171 eiusque
862 2084 1067 2155 derivatam
1089 2084 1184 2163 locis,

159 2198 219 2241 uos
249 2170 436 2249 attulimus,
472 2166 669 2255 gravissima
702 2168 855 2235 codicum
887 2173 1081 2241 auctoritate
1115 2170 1180 2237 niti

134 2198 402 2334 demonstratum
423 2265 483 2322 est.
524 2250 686 2321 Vidimus
706 2266 829 2337 sutem,
848 2254 884 2321 id
904 2258 995 2342 quod
1017 2280 1087 2325 nou
1102 2254 1179 2323 iuu-

134 2350 195 2416 tile
216 2346 281 2414 erit
300 2344 357 2413 hic
377 2353 549 2432 repetere,
570 2340 716 2407 verbum
736 2339 882 2410 diribere
900 2340 1103 2432 plerumque}
1120 2342 1180 2409 de·

132 2444 316 2526 pravatum
345 2451 418 2498 esse
446 2428 484 2495 in
512 2425 663 2516 diripere
692 2438 726 2495 et
753 2428 926 2510 dirivare,
967 2429 1123 2499 diribitio
1148 2428 1187 2497 iu

135 2520 302 2608 direptio,
344 2510 504 2583 diribitor
523 2513 561 2579 in
581 2513 752 2603 direptor,
796 2515 984 2596 dirivatur,
1016 2516 1190 2597 dirivitor,

135 2620 172 2679 et
192 2605 362 2685 diruitor3
396 2600 603 2669 illustratum
633 2612 747 2668 antem
776 2625 850 2668 esse
877 2601 918 2669 ab
946 2603 1191 2692 interpretibus

134 2718 200 2785 per
220 2690 441 2770 distribuere,
463 2688 562 2768 dore,
584 2699 618 2754 et
639 2688 805 2758 ordinare
812 2738 823 2773 ,
852 2700 885 2756 ct
907 2685 1106 2757 diribitores
1126 2710 1192 2777 per

134 2779 387 2853 distributores.
430 2774 610 2843 Caeterum
637 2797 708 2841 uon
739 2787 790 2841 est
821 2774 979 2854 dubium,
1016 2775 1100 2863 quin
1130 2774 1192 2861 qul

133 2866 264 2937 librarii
285 2861 436 2951 diripere
461 2860 668 2949 scripserunt
693 2883 758 2948 pro
786 2859 953 2943 diribere,
980 2860 1047 2935 hoo
1073 2862 1192 2954 ipsum

134 2953 283 3021 verbum
306 2949 425 3017 tertiae
454 2969 525 3013 esse
554 2946 793 3033 coniugationis
815 2947 1018 3028 iudicarint,
1052 2944 1090 3012 iu
1120 2970 1190 3035 qno

135 3061 254 3108 errore
270 3057 349 3103 cum
368 3032 427 3098 alii
442 3031 510 3099 viri
522 3031 612 3099 docti
625 3033 824 3100 recentioris
844 3033 933 3119 aevi,
955 3045 1031 3101 tum
1044 3031 1193 3101 Sebueii·

136 3127 239 3194 derue
258 3122 317 3187 ille
338 3118 381 3185 ad
402 3125 591 3184 Varronem
613 3124 774 3185 versetur.

223 3206 398 3294 Sequitur,
423 3213 464 3270 ut
486 3216 598 3271 utram
619 3205 765 3272 verbum
785 3204 869 3271 illud
888 3203 1083 3284 notionem,
1113 3203 1193 3272 dis-

135 3293 353 3367 tribuendine
380 3313 424 3356 en
444 3289 634 3379 separandi
660 3300 720 3359 eut
747 3291 943 3359 secernendi
968 3292 1107 3358 tabellas
1128 3290 1191 3357 ba-

135 3381 267 3465 buerit,
295 3376 502 3458 ostendatur.
551 3375 607 3445 Ac
631 3379 784 3467 primum
809 3377 946 3466 quidem
965 3375 1192 3445 animadverti

136 3470 238 3550 volo,
257 3465 393 3535 nullum
413 3464 587 3536 locorum,
616 3464 674 3552 qui
694 3463 784 3532 allati
803 3475 900 3545 sunt,
929 3465 978 3531 its
999 3487 1071 3530 esse
1092 3486 1192 3531 com-

200 3565 305 3632 atum,
326 3561 365 3617 ut
385 3549 491 3617 verbo
513 3548 662 3618 diribere
683 3550 856 3618 notionem
871 3547 1103 3618 distribuendi
1123 3551 1192 3616 tri-

135 3579 242 3713 bdbre
262 3636 454 3706 iubeamur.
498 3636 625 3702 Contra
644 3635 800 3725 plerique
829 3636 995 3705 eiusmodi
1022 3648 1123 3720 sunt,
1152 3646 1195 3701 ut
1224 3704 1229 3711 ,

135 3726 285 3813 diribere
305 3745 375 3791 non
396 3721 501 3810 possit
521 3721 629 3788 alium
650 3721 714 3788 nisi
735 3724 940 3803 secernendi,
963 3722 1194 3812 separandive

135 3815 166 3881 si
212 3811 361 3876 ilicetum
380 3806 515 3875 habere.
556 3807 609 3873 Eo
634 3812 805 3897 pertinent
849 3832 887 3875 ro
912 3810 1026 3877 Planc.
1048 3807 1193 3892 dxx,

137 3922 158 3967 α
202 3896 326 3984 Quint.
346 3892 391 3959 fr.
414 3893 468 3975 ΠΙ,
488 3892 532 3976 4.,
552 3893 665 3961 varro
685 3896 727 3961 de
748 3896 791 3963 R.
849 3897 941 3981 .ΙΠ,
962 3916 994 3969 2.
1017 3906 1052 3962 et
1068 3894 1124 3974 ΠΙ,
1143 3894 1191 3977 5.,

140 3998 175 4055 et
194 3982 269 4050 Vul.
290 3981 384 4047 Max.
404 3978 474 4059 IX,
510 4003 563 4045 12.
888 4016 891 4023 ·

225 4068 396 4151 Ambigua
408 4064 516 4131 videri
530 4076 638 4153 potest
651 4065 864 4150 significatio,
884 4066 941 4131 scd
960 4093 998 4134 re
1015 4066 1194 4154 diligenter

138 4156 302 4262 pensius
324 4174 394 4219 nou
418 4152 523 4218 estin
545 4152 656 4217 Pison.
681 4144 719 4218 C.
735 4152 819 4220 XV.
842 4166 884 4219 et.
906 4153 1004 4231 XL„
1025 4165 1102 4245 post
1115 4153 1193 4220 red.

139 4269 177 4315 m
193 4244 271 4311 Sen.
294 4239 333 4306 C.
350 4236 423 4319 XL,
445 4239 482 4305 in
499 4239 633 4305 Auson.
648 4238 746 4308 Grat.
765 4237 855 4319 Act,
878 4250 912 4304 et
926 4241 962 4306 in
976 4240 1192 4329 Symmacho:
