2640 4748
1007 250 1117 338 x'crx

69 436 203 513 tantum
226 439 330 523 abest,
346 447 385 505 ut
399 429 587 509 necessaria
607 436 675 513 sln't
694 436 798 507 verba
818 436 893 527 ista,
917 451 957 509 nt
976 455 1116 512 senten.

64 530 136 609 ¹tiae
160 527 228 594 loci
277 546 391 590 rorsus
416 521 644 593 adversentur.
685 523 776 590 Toto
803 525 894 591 enim
917 527 985 594 hoc
1005 532 1115 619 capite
1145 546 1149 550 '

67 614 130 719 §ex
153 636 221 681 reo.
244 550 432 690 detinenti,
471 607 529 694 qui
550 608 661 674 verbis
681 607 800 676 Habes
825 610 978 681 reditum
998 640 1116 684 meum

54 700 204 769 'mitium
225 696 304 765 fecit
325 696 363 762 C·
377 691 623 846 ffll'bnihss
643 691 733 789 aliud
755 696 824 782 agit
843 709 967 782 orator,
988 702 1056 769 uisi
1075 714 1116 769 ut
1144 770 1148 782 ,

22 804 43 819 ““
67 782 336 865 'desertissimum
366 779 469 847 fuisse
527 780 632 847 isonis
659 778 808 847 reditum
839 787 1026 852 ostendat'
1058 789 1114 855 Ac
1187 825 1190 836 ·

67 871 222 967 primum
244 865 381 955 quidem
398 866 466 931 iter
479 866 549 930 eius
567 888 611 930 ex
629 865 802 954 provincia
817 890 922 956 usque
936 870 977 935 ad
993 872 1115 940 urbem
1212 907 1218 919 ·

54 956 140 1025 'trito
163 955 243 1021 dicit
262 954 383 1032 fuisse,
404 961 458 1026 ut,
487 975 531 1016 ne
551 952 587 1019 in
608 951 954 1037 cuiusquamveniret
975 979 1117 1046 conspe-
1185 1008 1188 1012 -

39 1072 43 1077 ·
69 1038 174 1120 ctum,
196 1062 312 1106 omnes
333 1037 377 1104 sit
393 1035 586 1103 solitudines
608 1049 823 1124 persecutum
851 1039 974 1126 Neque
993 1042 1037 1107 od
1056 1045 1118 1110 in·
1221 1090 1223 1095 >

57 1134 213 1213 vtroitum
234 1125 306 1192 eius
327 1125 363 1190 in
386 1124 506 1188 urbem
527 1121 585 1188 nbi
606 1121 747 1201 transiit,
769 1122 947 1210 quicquam
963 1149 1118 1195 comme-

72 1225 201 1293 morat,
238 1234 305 1299 quo
328 1211 437 1276 Roma
462 1206 567 1294 possit
596 1205 726 1272 foedata
743 1207 829 1289 dici,
864 1209 924 1275 sed
944 1213 1115 1285 neminem

72 1310 206 1367 tantum
227 1306 358 1375 eorum,
373 1314 453 1380 quos
475 1313 620 1379 aequum
641 1290 755 1369 suerit,
776 1292 911 1361 obviam
933 1296 971 1362 ei·
985 1300 1118 1371 venisse

70 1397 194 1465 narrat.
209 1376 346 1464 ‘‚,Patct
365 1400 456 1464 ergo,
501 1399 564 1443 uae
577 1376 750 1443 Garatonii
772 1377 815 1443 ad
830 1379 866 1448 h.
883 1380 998 1449 locum
1012 1387 1119 1452 verba

72 1472 163 1545 sunt,
184 1469 248 1537 tria
270 1462 386 1545 verba,
398 1462 464 1550 joe
491 1461 564 1529 avit
585 1462 755 1547 adventus
778 1475 891 1547 tuos,
904 1477 1032 1539 temere
1053 1470 1120 1537 ali-

72 1566 177 1646 quem
197 1550 365 1634 adiecisse,
385 1548 620 1648 qui—'mancam
639 1547 840 1616 sententiam
858 1551 1018 1633 crederet,
1041 1577 1121 1620 cum

72 1653 214 1733 propter
234 1641 432 1725 interposita
458 1634 589 1722 longius
616 1636 843 1722 protrahatun
884 1636 959 1716 Hac
979 1639 1122 1709 adiecti·

75 1751 144 1796 one
174 1737 306 1812 recepta
334 1724 404 1790 iam
433 1742 638 1806 consequens
659 1719 742 1785 illud
771 1719 852 1803 fnit,
889 1736 926 1790 ut
945 1724 1122 1810 ingressus

75 1836 113 1878 es
135 1810 325 1889 tolleretur,
354 1806 444 1894 quod
466 1807 615 1873 absolute
638 1805 786 1892 positum
806 1806 903 1873 facile
926 1832 1044 1879 omnes
1065 1809 1122 1876 of·

73 1896 245 1966 fenderet:
266 1906 362 1994 atque
383 1893 430 1960 ita
447 1890 575 1959 venisti
593 1893 807 1980 suppositum
829 1890 925 1960 suits·

148 1981 244 2047 ‘Non
264 2001 377 2045 mrnus
396 1988 520 2043 'autem
543 1977 579 2041 in
600 1977 730 2063 reliqua
750 1976 851 2045 huius
871 1979 935 2047 loci
956 1980 1123 2070 scriptura
1144 2044 1148 2055 ,
1181 2028 1184 2033 -

76 2066 283 2135 Arusiannm
312 2065 410 2131 unice
437 2061 646 2151 sequendum
675 2060 769 2129 duco.
831 2064 921 2131 Nam
949 2087 1017 2154 quo
1046 2069 1122 2154 quis

75 2153 283 2221 fidem-eius
308 2161 500 2249 suspectam
526 2147 667 2214 reddere
694 2147 817 2237 possit,
860 2163 899 2216 ut
926 2152 1012 2219 dicat
1041 2154 1121 2220 cum

77 2237 210 2307 Orellio
232 2250 432 2309 memorrter
452 2236 535 2301 haec
556 2234 654 2300 allata
675 2234 778 2300 verba
800 2236 890 2320 e‘sse,
931 2239 965 2304 id
992 2239 1122 2304 nullam

73 2324 132 2392 lric
151 2324 225 2390 vim
246 2322 356 2389 habet.
397 2323 556 2409 Ineptum
578 2331 630 2404 est
657 2319 747 2386 enim
769 2332 934 2404 statuere,
964 2324 1012 2388 sic
1034 2325 1123 2391 facta

73 2410 135 2480 illa
161 2408 399 2477 Elocutionom
429 2405 589 2497 exempla,
610 2404 651 2470 ab
680 2403 851 2474 Arusiano
879 2432 994 2486 esses
1013 2423 1054 2495 ut*
1077 2432 1123 2475 ex

74 2495 159 2565 locis
180 2506 333 2562 veterum
355 2491 572 2579 scriptorum,
591 2492 649 2579 qui
672 2491 761 2557 forte
782 2491 819 2558 in
840 2493 1041 2561 memoriam
1065 2520 1123 2561 re·
1215 2495 1220 2514 '

77 2580 212 2661 dierint,
234 2601 318 2667 opus
340 2599 439 2642 suum
466 2578 711 2664 composuerit,
731 2578 874 2665 locique,
897 2582 1017 2668 quibus
1039 2605 1125 2647 con-

73 2666 296 2734 firmarentur
323 2660 551 2728 elocutionum
577 2661 746 2746 exempla,
782 2685 900 2730 omnes
927 2669 1125 2732 memoriter

76 2755 144 2820 sint
165 2748 320 2840 appositi.
343 2749 466 2814 immo
488 2768 552 2837 pro
574 2746 750 2833 explorato
772 2747 871 2813 debet
891 2749 1019 2831 haberi,
1040 2773 1125 2836 quae

74 2839 113 2907 in
135 2833 475 2925 legendis'vete-ribus
497 2831 715 2920 scriptoribus
730 2830 922 2899 Arusianus
946 2828 1127 2901 offenderit

77 2923 309 2992 elocutionum
330 2941 465 3007 genera,
487 2920 665 2986 observatu
685 2916 806 3004 digna,
834 2942 874 2984 ea
896 2920 1062 3010 descripta
1084 2923 1126 2988 ab

44 3003 52 3011 ”
79 3034 122 3078 eo
144 3021 178 3076 et
198 3006 356 3088 fortassis,
374 3005 539 3096 perlectis,
562 3004 747 3091 exquibus
768 3005 971 3095 'depromere
992 3007 1127 3087 volebat

79 3092 256 3184 exempla,
280 3091 511 3181 scriptoribus,
539 3090 575 3156 in
598 3089 753 3156 ordinem
777 3091 944 3177 quendam
968 3092 1127 3183 disposita
1228 3142 1231 3155 .

81 3205 165 3251 esse.
215 3180 382 3268 ltaquesi
405 3176 480 3264 quis
502 3176 671 3243 Arusiano
694 3175 853 3242 hocloco
875 3178 978 3246 fidem
1000 3180 1126 3246 habere

76 3268 204 3348 nollet,
234 3290 274 3331 eo
295 3276 426 3330 tantum
448 3261 498 3328 nti
526 3271 724 3349 argumento
748 3274 879 3350 posset,
910 3265 1019 3351 quod,
1047 3277 1127 3332 uta

80 3350 269 3421 Garatonio
290 3349 457 3419 monitum
483 3358 549 3427 est,
592 3345 629 3412 in
651 3347 830 3413 afferendis
854 3350 935 3415 locis
963 3374 1127 3416 nonnun-

78 3461 184 3531 quam
206 3437 358 3503 brevitati
379 3435 493 3522 potius
515 3455 616 3520 quam
637 3431 825 3517 diligentiae
846 3436 1004 3512 studere,
1028 3448 1128 3522 atque

73 3530 124 3593 'ea
144 3535 274 3590 tantum
292 3520 478 3588 describere
501 3520 604 3584 verba
624 3519 850 3599 consueverit,
868 3542 956 3669 quae
977 3520 1020 3586 ad
1041 3545 1127 3587 con·
1177 3600 1181 3609 Ι

78 3611 295 3680 firmandam,
317 3627 417 3694 quam
433 3613 616 3685 notaverat,
631 3604 857 3670 elocutionem
886 3621 1029 3674 arerent.
1060 3604 1127 3673 Sed

81 3720 133 3765 ne
152 3697 215 3761 isto
240 3693 377 3781 quidem
403 3702 601 3779 argumento
627 3687 785 3755 Arusiani
812 3703 923 3779 potest
950 3691 1127 3759 auctoritas

80 3782 139 3852 hic
162 3778 316 3866 infringi,
338 3798 436 3855 cum,
458 3775 546 3845 sicu
567 3786 710 3855 tantum,
735 3799 818 3863 quae
841 3775 882 3840 ad
905 3778 1128 3847 elocutionem

82 3866 220 3956 ingredi
245 3867 322 3933 loca
354 3861 565 3951 pertinebant
583 3861 705 3939 verba,
748 3861 938 3928 describere
959 3866 1129 3944 voluisset,

81 3967 154 4022 tota
189 3950 375 4019 interiectio
414 3973 457 4023 o,
462 3945 628 4032 familiae
660 3983 704 3998 --
735 3947 949 4035 cognationis
981 3949 1131 4016 dedecus

67 4037 195 4105 =omitti
217 4037 376 4104 debuerit.
419 4033 537 4103 Unum
559 4032 624 4098 hoc
645 4045 762 4113 restat,
801 4046 839 4099 ut
862 4034 1131 4119 Grammaticum

84 4123 258 4193 Ciceronis
279 4123 382 4189 verba
403 4140 543 4211 prorsus
558 4117 705 4209 dicamus
720 4130 867 4186 mutasse
883 4144 947 4209 pro
973 4132 1074 4204 terea,
1093 4134 1131 4190 ut
1210 4182 1214 4191 ,

84 4211 191 4279 trium
212 4224 398 4301 quatuorve
420 4207 603 4280 verborum
624 4204 922 4276 describendorum
975 4206 1056 4276 bore
1074 4228 1134 4273 su-

713 4321 763 4389 ·d
