2634 4748
178 290 227 338 CX

82 466 85 479 ·
166 447 386 541 foetdtctan
402 442 671 515 meatuum·
690 443 868 545 nobiepum
893 454 929 514 et
954 467 1035 517 cum
1065 443 1225 527 omnibuo

176 537 246 603 tuis
264 532 403 603 vivendi
408 556 421 613 3
442 543 476 598 et
492 555 571 600 oum
582 554 694 616 unum
710 532 757 599 eit
776 531 957 599 iudicium
970 557 1014 600 ex
1030 544 1104 600 tam
1126 532 1225 600 mul·
1305 553 1308 567 ·

175 619 355 708 tie,·quod
375 617 666 711 reprebendatur,
702 631 742 686 ut
762 619 854 707 quad
874 642 947 686 una
966 618 1137 687 sententia
1158 644 1224 686 ea·
1298 610 1300 624 '

176 730 243 795 qne
258 704 365 773 dubia
376 704 553 807 potentiae
573 703 724 771 alicuine
740 706 968 774 condonatum
984 706 1225 774 exietimetare

175 792 408 862 omnibusne
430 791 475 857 de
491 792 621 859 cauom
641 791 741 859 deber
766 790 873 859 iotam
893 792 1088 860 molestiam
1114 815 1226 882 quam

175 879 349 947 lenieeime
366 877 476 968 ferre.

33 1017 37 1027 .
191 1004 195 1011 ·
260 964 389 1031 Mirum
404 962 510 1030 buius
525 962 592 1030 loci
612 961 802 1049 corrigendi
822 975 859 1029 et
881 961 1144 1051 interpungendi
1163 987 1225 1029 ra·
1276 1008 1279 1015 ·

57 1088 61 1097 ·
175 1051 302 1121 tionem
323 1051 401 1118 iniit
421 1050 573 1136 Mertyni
593 1048 752 1136 Lagona,
787 1053 847 1136 qui
868 1071 961 1136 queo
980 1050 1138 1135 coniungi
1159 1050 1229 1115 de·-

173 1137 257 1203 bent
294 1136 483 1202 necessario
518 1136 689 1217 membra,
738 1159 780 1201 ea
813 1136 980 1202 violenter
1015 1135 1223 1203 distraxerit.
1278 1198 1285 1210 ,

173 1221 274 1290 Nihil
293 1223 546 1310 corrigendum,
575 1221 651 1287 nisi
677 1222 997 1310 particule-quum,
1034 1241 1119 1308 quae
1139 1243 1222 1287 mu-

117 1344 122 1353 ,
172 1309 276 1374 tende
301 1309 510 1398 inquient,
545 1307 634 1394 quod
662 1330 855 1397 pronomen
875 1308 1061 1374 rectissime
1092 1307 1222 1377 iamin

173 1394 382 1462 editionibus
403 1414 475 1459 non
488 1395 688 1463 Victorienio
707 1394 872 1485 scriptum
884 1393 1061 1483 reperitur.
1100 1392 1220 1476 erum

157 1495 307 1602 'autenm
340 1496 417 1602 eiye
440 1499 555 1591 potino
591 1479 651 1589 qm
677 1506 770 1593 petet
795 1495 957 1577 facillimo
985 1518 1032 1593 en
1062 1496 1128 1586 qui
1153 1519 1219 1586 po-

146 1596 278 1653 ,turne
298 1592 394 1651 orrrn'
495 1606 497 1612 ’

190 1661 205 1707 .·
258 1669 422 1739 Linvn,
445 1666 700 1758 ep.15··p.186.
733 1660 865 1748 Quum
885 1666 1217 1754 reremaneret,

172 1756 372 1827 ouaoiceimi
392 1753 649 1843 dectieeimique
668 1753 834 1830 bomiaie,
846 1751 1135 1839 familiaritatem
1155 1776 1216 1820 ree

167 1843 275 1923 anteri,
296 1866 363 1911 non
384 1840 457 1908 dici
469 1850 591 1930 potent
608 1862 716 1928 quam
735 1841 839 1908 valde
855 1839 1047 1941 gaudeam.
1118 1880 1121 1887 ·
1205 1876 1209 1883 ·

159 1977 164 1994 .
190 1940 193 1949 “
259 1929 326 1994 Hic
347 1950 480 2017 quoquo
501 1927 625 1992 rectius
647 1949 747 2014 quam
773 1927 811 1993 in
832 1926 1036 1993 V1ctorianis
1058 1923 1216 1992 editioni-

168 2013 235 2081 bue
255 2013 412 2081 scribitur
437 2013 474 2077 in
492 2013 629 2099 reliquis
651 2019 738 2163 puori
759 2036 857 2089 vero,
890 2034 991 2099 quem
1013 2013 1217 2101 scripturam

171 2098 393 2167 multietiem
417 2098 590 2165 Benedicti
611 2100 742 2178 eo-ices
764 2098 978 2181 confirmant.
1192 2110 1203 2123 ‘

123 2198 127 2205 '
258 2184 334 2259 Lib..
355 2184 431 2251 VII.
445 2189 505 2274 ep.
530 2187 582 2251 oi.
609 2205 644 2273 p.
669 2185 740 2272 195.
786 2180 962 2254 Phameae
989 2206 1136 2250 caueam
1159 2204 1212 2249 re·

171 2292 349 2363 ceperam,
370 2270 479 2359 ipeiue
498 2268 639 2360 quidem
660 2294 785 2336 caueae
814 2283 889 2336 erat
910 2273 1000 2338 enim
1023 2269 1111 2335 milri
1132 2290 1213 2335 eoae

162 2358 376 2449 firmiliano.
418 2357 456 2425 Ie
482 2358 532 2424 ad
558 2380 612 2422 me
640 2357 752 2440 venit,
783 2354 942 2444 dixitque
971 2356 1123 2422 iudicem
1152 2351 1216 2421 eibi

171 2438 310 2536 operam
327 2445 412 2510 dore
425 2445 641 2511 canetituieee
662 2444 786 2533 eoipeo
805 2442 880 2526 die,
904 2466 970 2532 quo
985 2443 1028 2508 tie
1044 2444 1088 2508 P.
1105 2441 1215 2508 Sentio

155 2534 210 2603 in
231 2530 412 2598 concilium
431 2530 479 2596 iri
499 2550 634 2609 neeeeee
654 2541 742 2609 erat.
783 2528 977 2618 Reopomii',
1000 2529 1094 2599 nullo
1116 2527 1216 2593 modo
1312 2609 1314 2615 Ι

169 2615 357 2704 mesaoere
368 2630 486 2707 potte',
507 2638 633 2705 qaum
653 2615 796 2682 vellem.-
816 2619 928 2683 atium
949 2615 1042 2682 diem
1063 2614 1095 2681 ei
1114 2637 1215 2679 oum-

43 2770 46 2779 ,
165 2703 311 2792 peieret,
332 2724 387 2771 me
407 2702 441 2768 ei
460 2725 528 2769 aon
547 2699 762 2803 defuturum.

139 2868 142 2873 ¹
259 2789 314 2856 Sic
334 2788 511 2856 Ernestiue
539 2790 663 2876 alitque
690 2787 789 2855 multi
816 2787 1040 2877 scripserunt,
1068 2781 1214 2852 Victorii

171 2874 442 2942 emendationem
474 2876 587 2942 secuti.
643 2876 710 2940 Sed
744 2873 935 2951 Medioeeus
972 2873 1098 2953 codex,
1141 2869 1214 2934 eive

168 2960 433 3041 Laurentianus,
453 2972 493 3028 ut
514 2962 636 3028 diserte
656 2960 804 3026 adhunc
824 2961 936 3026 locum
959 2972 1075 3025 monet
1090 2956 1213 3024 Victo·

169 3045 254 3126 rius,
277 3045 380 3110 habet
400 3068 501 3134 quem
514 3047 646 3126 vellem,
667 3062 812 3134 quocum
825 3047 991 3112 consentit
1007 3042 1129 3121 Dresd.
1138 3041 1212 3118 111.;

97 3136 104 3150 ’
169 3133 225 3201 alii
239 3133 286 3198 'iu
306 3131 413 3219 iisque
436 3134 583 3223 optimae
603 3144 703 3198 uotae
724 3136 784 3200 Dr.
804 3133 830 3203 1.
853 3156 954 3221 quem
971 3132 1098 3198 vellent
1105 3151 1116 3209 3
1145 3126 1212 3217 elii,

168 3230 210 3285 ut
229 3219 292 3285 Dr.
314 3217 378 3292 Π..
400 3218 456 3300 V„
477 3218 559 3289 Aeo.
580 3218 605 3288 Ι.
650 3243 729 3286 uem
744 3219 863 3303 vellem
881 3219 944 3303 ¹alii
966 3218 1110 3303 denique
1129 3236 1213 3279 cum

163 3303 304 3374 'vellem
348 3300 419 3388 Qui
441 3325 518 3371 cum
538 3306 602 3370 hcc
621 3243 697 3372 ioco
719 3304 964 3393 comparaverit
984 3325 1071 3391 quoe
1090 3300 1213 3369 Cicero

167 3390 282 3459 Attico
304 3389 419 3455 scribit
442 3390 484 3461 L.
504 3392 597 3458 XIII.
623 3414 675 3480 ep.
698 3389 751 3481 49.
773 3390 932 3480 respondi
961 3413 1028 3456 aon
1049 3389 1212 3476 ignorare

167 3498 270 3556 eum,
301 3472 387 3578 quid
399 3527 401 3530 >
417 3497 480 3566 ego
500 3477 656 3545 deberem
684 3478 810 3558 Secti03
852 3500 952 3567 quem
971 3474 1075 3543 vellet
1097 3472 1212 3540 alium

169 3562 260 3629 diem
282 3584 313 3626 ez
335 3563 550 3650 eumpeieoem
572 3586 627 3631 me
647 3565 681 3630 ei
700 3588 767 3632 nore
780 3561 1006 3650 defuturumr
1026 3562 1088 3627 vix
1109 3557 1210 3625 dnbi-

146 3646 269 3730 tabit,
297 3647 379 3734 quin
401 3648 521 3717 eodem
539 3651 642 3716 modo
669 3649 723 3717 bic
742 3653 843 3717 etiam
864 3651 993 3715 locutus
1014 3647 1135 3713 Cicero
1156 3645 1210 3709 eit.

168 3733 415 3802 Verumtamen
436 3759 515 3802 cum
529 3735 648 3827 optimi
668 3736 746 3803 libri
765 3735 823 3802 hic
837 3736 962 3824 partim
981 3733 1107 3801 vellent
1125 3753 1210 3820 per·
1272 3816 1275 3821 ¹

168 3819 229 3886 tim
250 3820 374 3888 uellem
394 3820 553 3905 habeant,
581 3821 733 3889 coniiciat
753 3823 845 3910 quis,
872 3821 1044 3910 scripsisse
1065 3818 1210 3885 Cicero·

130 3950 137 3965 .
168 3926 266 3974 neme
288 3928 389 3996 quem
408 3909 536 3977 velleret
555 3910 667 3977 alium
687 3908 780 3977 diem
798 3908 1080 4003 ri'eumpeieoent·
1184 3934 1186 3939 ·

332 4044 562 4115 EPISTOLA
593 4046 662 4113 AD
695 4045 1033 4115 OCTAVIANUM.
1153 4034 1168 4070 '¹

221 4174 224 4179 ⁴
252 4142 484 4214 Vehementer
512 4149 649 4216 discedit
675 4152 789 4219 multis
824 4151 860 4215 in
890 4150 973 4216 locis
1003 4148 1209 4232 abrulguta

166 4231 373 4317 recenticne,
394 4246 428 4303 et
447 4236 493 4303 ite
512 4231 660 4324 quidem,
682 4249 720 4305 ut
739 4236 855 4306 sedulo
872 4238 1019 4325 aliquem
1040 4236 1209 4304 nonnulla
1304 4316 1308 4323 Ι
