2634 4748
966 270 1117 349 'ut

94 462 158 520 oue
172 464 253 520 sunt
272 452 362 519 iuter
382 472 418 518 se
436 452 541 541 plene
562 450 741 535 contraria,
759 470 948 538 numquam
966 451 1005 518 in
1027 470 1112 520 euu—
1134 524 1138 533 ,

73 477 166 624 dem,
192 539 251 604 scd
275 538 448 606 tamenin
471 559 617 627 parvum
639 536 793 603 animum
817 538 956 604 cudunt:
981 546 1110 627 pervus

72 639 185 692 eutem
206 628 339 691 animus
361 634 396 689 et
414 622 473 693 ille
494 635 562 704 est,
582 621 642 710 qui
660 645 768 691 venus
789 646 828 691 ac
848 622 969 702 futilis,
990 623 1111 708 stille,

69 711 128 797 qui
148 711 314 777 demissus
329 719 429 797 atque
450 707 594 793 ieiunus,
614 709 672 800 qui
686 710 800 809 lucem
820 709 1001 789 homiuum
1016 704 1113 807 fugit,
1134 792 1139 801 Ι

67 797 274 883 honorisque
301 784 550 887 spieudoretn.“

151 882 247 948 Haec
266 881 487 963 Gurnto'nius,
515 881 568 946 cui
589 890 627 946 ut
647 877 828 949 concedam
834 895 848 963 ,·
878 870 988 950 losicin
1008 872 1118 949 etium
1201 936 1205 951 ,
1248 878 1251 889 ’

67 988 166 1057 posse
189 965 276 1050 dici,
304 967 364 1056 qui
384 967 529 1033 demisso
550 966 593 1032 sit
615 978 649 1032 et
673 967 1109 1050 abiectouuim0,tat1tum

64 1065 180 1120 nmen
196 1053 308 1136 abest,
330 1065 368 1120 ut
388 1075 429 1119 eo
449 1074 606 1131 concesso
627 1054 763 1142 vulgatu
782 1052 924 1120 retineri
943 1054 1110 1144 scriptura
1217 1094 1226 1109 ι

63 1138 186 1229 possit,
218 1152 256 1207 ut
277 1139 459 1228 pervenitus
480 1138 552 1205 eius
573 1139 682 1226 magis
702 1139 804 1207 etiam
826 1138 974 1227 patefiat.
1016 1140 1129 1206 Nam-

64 1225 94 1292 si
116 1224 319 1293 adiectivum
348 1223 435 1292 levis
461 1224 525 1290 clio
554 1236 694 1314 putetur
721 1246 822 1290 sensu
848 1225 978 1293 dictum
1006 1226 1121 1315 quum'

62 1309 154 1400 quod
174 1309 338 1377 antecedit
361 1309 616 1399 oppositumque
638 1319 688 1374 est
712 1310 959 1381 substantivum
978 1310 1106 1401 lecitq—
1134 1312 1139 1364 ἶ

61 1398 126 1475 tis,
158 1397 422 1484 ineptelocutus
443 1393 768 1473 Ciceroexistimuri
789 1395 902 1483 debet,
937 1390 997 1485 qui
1018 1394 1108 1483 idqm
1134 1479 1137 1485 ,
1170 1394 1174 1401 ’

61 1482 176 1550 eidem
195 1482 338 1549 verbum
358 1480 491 1549 diversa
511 1479 651 1547 notione
668 1480 873 1570 opposuerit.
905 1483 967 1549 Sin
988 1476 1108 1567 eodeni

62 1591 163 1635 sensu
194 1580 376 1656 utrumque
407 1567 553 1636 verbum
584 1578 742 1635 censetur
772 1563 937 1655 positum,
974 1566 1109 1663 ,tri'plex

61 1650 184 1721 vitium
204 1650 339 1721 admisit
359 1664 491 1719 oratur:
549 1653 695 1731 timum,
726 1651 815 1740 quod
836 1649 929 1719 idem
954 1656 1032 1716 cium
1057 1652 1107 1717 bis

60 1740 174 1808 dicere
194 1740 315 1824 vellet,
347 1735 439 1805 idem
459 1676 604 1806 verium
629 1736 785 1805 levitatis
812 1759 882 1802 non
905 1735 957 1803 bis
975 1737 1108 1836 posuit3
1133 1742 1137 1749 ’

58 1825 265 1908 secundum,
299 1822 407 1913 quod,
438 1847 523 1912 qnae
547 1846 592 1890 ex
620 1822 762 1891 diversis
782 1820 890 1889 enimi
910 1821 1001 1895 vitius
1021 1846 1106 1912 pro-

58 1911 275 1992 ficiscuntur,
317 1910 453 1977 inanem
483 1909 657 1998 aucupari
683 1932 875 1991 rumorem,
920 1909 1108 1978 etinctum

61 1995 247 2084 repudiare
269 1994 422 2084 gloriam
437 1995 510 2073 *uni
540 1995 718 2083 eidemque
742 1995 846 2062 animi
871 1993 955 2063 vitio
976 1993 1107 2065 ud's'cri-

58 2084 125 2173 psit
132 2106 144 2162 3
166 2083 310 2163 tertium,
332 2079 424 2169 quod
442 2094 593 2172 pugnant
612 2082 717 2150 verba
733 2082 857 2164 lucem,
871 2078 1108 2170 splenduerit.-
1179 2152 1182 2161 ,

83 2192 126 2236 uc
142 2165 317 2257 fugientis
339 2190 419 2233 cum
447 2190 487 2233 ea
513 2170 650 2237 notione
676 2167 831 2234 adiectivi
860 2167 962 2247 Ievis,
1006 2189 1107 2255 quam

56 2192 175 2333 iubet,
210 2253 237 2320 si
265 2252 386 2324 eodem
410 2274 478 2342 quo
499 2255 613 2342 paullo
641 2267 718 2340 unte
745 2253 872 2320 levitas
897 2250 1108 2319 existimatur

57 2360 161 2407 sensu
181 2338 318 2406 dictum.
341 2374 385 2390 -
425 2340 531 2420 Haec,
551 2351 648 2435 puto,
670 2341 836 2424 evincent,
858 2339 900 2406 ab
920 2338 1107 2435 inteipieto

57 2427 142 2497 levis
164 2448 234 2490 esse
255 2425 418 2490 additum.
468 2492 472 2503 ,
549 2439 573 2501 ᾗ
687 2481 692 2490 ,
1032 2474 1048 2487 ,.

141 2511 259 2581 Plures
276 2509 338 2576 etsi
358 2520 482 2577 restant
502 2508 539 2577 iu
554 2507 619 2576 hac
635 2510 786 2579 oratione
802 2500 879 2592 ioci,
900 2529 984 2599 quos
999 2510 1108 2575 inter-

57 2595 256 2687 polatricem
279 2616 419 2661 manum
442 2607 601 2698 expertos
631 2597 750 2674 credo,
784 2598 853 2665 nou
876 2607 974 2661 vacat
994 2607 1108 2662 tamen

59 2684 187 2751 diutius
208 2681 245 2746 iu
268 2681 314 2747 eis
334 2679 521 2747 tractandis·
538 2681 769 2756 commorari„
794 2680 886 2745 Nolo
910 2704 993 2746 vero
1016 2682 1107 2746 eius·
1131 2752 1135 2759 ,

55 2769 153 2838 modi
174 2767 277 2834 verbu
297 2766 415 2833 haberi
435 2791 451 2833 s
471 2765 569 2849 uria,
606 2765 720 2855 qualia
739 2763 917 2835 Schiitzius
937 2764 1064 2861 passim
1087 2789 1106 2830 e

29 2867 155 2927 'textu
176 2854 281 2921 eiecit.
322 2854 373 2919 Ita
394 2854 432 2920 G.
488 2853 548 2919 [X.
580 2853 611 2939 ἕ.
633 2853 710 2933 tus
827 2874 837 2880 ·
949 2926 952 2931 ¹

128 2938 322 3027 ,Thyestea
344 2939 413 3007 istu
435 2939 627 3006 exsecratio
650 2948 722 3019 est,
740 2942 882 3027 poetae,
903 2930 1006 3026 vulgi
1025 2934 1104 3004 uui·

57 3051 150 3110 mos,
179 3050 245 3100 non
266 3024 477 3127 sapientium
498 3024 685 3105 moventis,
708 3035 750 3090 ut
770 3034 811 3091 tu
833 3018 1022 3113 naufragio
1043 3032 1105 3087 cx'-

52 3116 179 3205 pulsus
202 3111 340 3200 uspiam
360 3112 457 3177 saxis
468 3106 572 3198 fixus
591 3108 741 3201 asperis,
767 3108 974 3176 evisceratus
997 3107 1103 3172 lutere

52 3201 246 3295 penderes,
266 3208 306 3263 ut
328 3197 381 3266 uit
400 3197 483 3275 illu,
511 3219 601 3263 saxu
620 3198 787 3289 spuigens
810 3195 908 3291 tado,
930 3191 1104 3293 sonie,'et

56 3284 227 3377 sanguino
251 3295 340 3350 airu.
550 3352 553 3357 ,
961 3368 964 3375 ¹
997 3344 1000 3348 .

144 3370 280 3439 Delevit
301 3368 405 3437 verbs
427 3378 468 3437 ut
489 3366 541 3434 uit
566 3365 643 3445 illc,
669 3386 754 3451 quae
775 3370 907 3430 tuntum
929 3362 1104 3455 abest,jut

10 3502 13 3507 ,
57 3457 123 3527 sint
143 3478 402 3544 supervacanea,
424 3465 463 3519 ut
483 3450 595 3523 omitti
615 3450 677 3533 uiui
694 3451 864 3540 potuerint
877 3472 905 3515 e
927 3449 1101 3525 Cicerone,
1198 3468 1204 3479 Χ

57 3544 116 3634 qui
145 3566 223 3607 cum
241 3542 341 3609 Ennii
370 3541 472 3609 verba
500 3536 692 3628 paulluiuur'
704 3546 840 3601 mutata
861 3554 942 3603 suae
955 3554 1102 3596 escotu-

57 3630 228 3703 modasset
247 3628 407 3709 orationi,
435 3626 702 3711 insolentemque
725 3621 969 3698 elocutionem,
992 3618 1102 3683 loturo

47 3714 224 3811 pendere,
244 3725 384 3805 poetae,
411 3734 480 3781 nou
503 3707 922 3786 oratori‘coudouundem,
942 3702 980 3769 in
999 3718 1102 3797 usum

54 3820 158 3870 suum
174 3798 417 3887 convertisset,
438 3797 578 3866 debebat
599 3788 785 3870 auditores,
806 3806 875 3861 nou
897 3812 1011 3872 suum,
1042 3788 1100 3855 sed

54 3882 162 3965 Ennii
188 3887 277 3953 hanc
304 3898 375 3951 esse
402 3882 639 3971 locutionem,¹
661 3879 846 3959 necessario
876 3896 1100 3959 commonere.

55 3966 231 4044 ld'uutem
252 3971 379 4038 fuctum
400 3967 519 4039 additis
539 3962 652 4034 verbis
673 3978 713 4049 ut
735 3967 787 4037 ait
806 3956 877 4033 ille.
922 3961 1100 4029 Caeterum

82 4072 239 4128 uocarunt
259 4059 414 4133 editores,
436 4055 496 4145 qui
516 4073 600 4141 quoe
621 4077 665 4127 ex
679 4050 782 4143 Ennii
796 4045 971 4141 tragoedia*
981 4046 1099 4115 Cicero

55 4083 114 4219 iiic
136 4142 353 4237 deprompsit
369 4142 492 4233 verlia',
522 4163 562 4208 ou
584 4142 631 4205 sio
649 4134 845 4237 ahssreliquu
868 4134 1024 4223 oratione
1043 4153 1101 4195 se-

54 4240 305 4325 gregaruut'nt
319 4252 477 4299 versuum
500 4223 647 4319 speciem
665 4224 886 4319 pr‘ueberent
908 4221 1002 4289 Num
1024 4237 1106 4285 cum
