2634 4748
133 268 218 333 ortu
264 301 305 314 .,
403 336 406 341 ,

1019 374 1023 401 ι
1034 372 1038 377 .

134 428 308 520 &coronis
323 431 516 499 sernlonem
533 424 731 497 zenamnunr
759 424 930 517 plurimis.
945 424 1091 507 latorum,
1109 420 1180 509 hb-

131 516 264 595 minum
290 504 612 603 interpolationibus¹
632 508 863 603 depravatum]
888 510 1002 603 edidit.
1044 509 1203 599 ”Negari‘

46 667 54 680 ,
131 616 243 671 tamen
266 623 335 665 non
357 613 481 689 potest,
511 623 583 667 esse
611 596 675 665 hoo
703 596 871 666 editorum
900 597 1050 664 officium
1075 598 1193 689 longo

132 684 383 767 difficillimum,
400 688 583 773 magisque.
596 683 635 751 in
655 682 834 751 hominum
856 685 1033 751 doctorum
1054 708 1181 775 repre·

127 773 329 843 hensionem
349 775 543 851 inclusere,
579 771 636 857 qui
657 792 782 850 unum,
813 770 913 859 quod·
926 769 1101 836 Ciceronis
1124 774 1180 859 sit,

128 860 277 943 uerbum
291 881 318 942 1β
339 871 435 925 textu
457 857 585 935 eiiciat,
615 879 718 942 quam
740 855 799 943 qui
822 868 962 945 centum*
979 856 1096 942 glossis
1119 854 1179 939 ing'

79 987 84 1002 ι
130 957 183 1033 ¹ter
205 944 421 1027 Ciceroniana
438 944 551 1031 'rerba
565 942 688 1025 ,locum
708 941 884 1031 ¹concedat..
901 942 1035 1027 'ltaque
1064 958 1112 1009 ne'
1143 946 1177 1011 in

131 1033 292 1107 alteram,
326 1052 429 1115 quam
452 1030 489 1095 in
510 1052 611 1115 quam
629 1028 723 1095 hunc
749 1040 924 1126 peccatum
946 1034 1010 1108 est,
1042 1041 1175 1118 partem

130 1118 364 1205 inposterum
385 1125 560 1203 peccetur,
593 1114 665 1219 ipse
692 1114 847 1185 indrcabo
876 1112 968 1181 viam
994 1136 1038 1193 ¹ac
1066 1116 1178 1183 ratio-

20 1252 24 1261 .
131 1226 211 1268 nem
246 1201 434 1286 quaemihi
456 1200 670 1268 videatur-an
691 1225 731 1267 eo
752 1198 985 1287 ingrediunda,
1005 1199 1064 1288 qui
1084 1212 1178 1269 recte

131 1300 167 1354 et
184 1248 280 1352 felice
301 1310 455 1354 successu
482 1287 571 1353 hanc
597 1285 841 1355 artis-criticae
869 1296 1001 1375 partem
1029 1296 1177 1357 tractare

131 1368 308 1442 voluerit..
691 1396 716 1451 ,η
873 1396 877 1405 ·
1128 1434 1133 1444 ,

131 1526 134 1535 ,
173 1502 188 1535 ,·
217 1461 329 1526 Nemo
350 1480 419 1523 non
440 1456 621 1545 intelligit„
640 1468 768 1525 temere
789 1478 908 1545 agere,
942 1450 1002 1545 qui
1023 1480 1110 1545 quae
1136 1457 1176 1524 in

127 1544 246 1613 *codice
264 1545 377 1633 aliquo
392 1545 722 1635 omittanturgverba,
744 1545 901 1611 continuo
923 1543 953 1619 si
971 1543 1013 1609 ad
1031 1554 1176 1609 tenten-

127 1630 200 1721 tiae
220 1630 453 1719 integritatem
468 1632 546 1696 noli.
560 1628 699 1717 prorsus
722 1636 788 1699 sint
808 1629 1007 1710 necessaria,
1031 1629 1176 1695 insititio

130 1716 203 1784 es'se
223 1716 355 1784 iudicet.
397 1714 485 1783 Fuit
499 1716 590 1781 enim
611 1714 665 1782 hic
687 1714 1039 1783 communisoin'niunt
1059 1714 1175 1781 libra-
1221 1742 1228 1759 ⁸

128 1805 261 1870 riorum
283 1824 391 1881 error,
414 1801 506 1887 quod
525 1802 670 1867 bic-illic
691 1802 888 1882 omiserunt,
911 1823 995 1889 quae
1013 1814 1083 1865 non
1106 1796 1173 1865 de-

128 1891 252 1955 bebant
272 1887 392 1965 omitti,
413 1888 450 1952 in
470 1888 585 1975 iisque
603 1887 703 1961 etiam
718 1910 961 1977 nonnunquam
982 1887 1069 1967 talia,
1090 1887 1173 1972 qui-

128 1977 190 2042 bus
213 1973 610 2059 omissisquodammodo
630 1976 721 2041 salva
741 1987 891 2055 maneret
906 1973 1078 2041 sententia.
1102 1974 1173 2039 ‘Ea

129 2063 158 2127 si
179 2071 256 2125 sunt
273 2059 445 2149 eiusmodi,
467 2070 505 2124 ut
525 2082 591 2146 qua
608 2062 737 2126 ratione
756 2060 881 2148 negligi
903 2059 1083 2125 alibrariis
1103 2080 1169 2146 po-

127 2142 269 2225 tuerint,
291 2145 480 2211 luculenter
500 2159 667 2233 appareat,
688 2170 758 2212 non
780 2158 881 2213 erunt
902 2145 1065 2217 contiuuo
1082 2166 1165 2231 snp-
1193 2214 1200 2225 ι

126 2232 234 2321 posita
255 2230 416 2295 habenda.
458 2232 565 2297 Porro
594 2255 675 2319 quos
697 2233 824 2303 codices
849 2256 890 2317 eo
919 2231 1004 2297 vitio
1025 2228 1164 2317 insignes

128 2315 367 2403 cognovimus,
389 2317 479 2404 quod
499 2318 646 2405 plurima
666 2320 701 2386 in
733 2321 782 2387 eis
804 2318 1051 2397 desiderentur,
1081 2337 1165 2404 quas

128 2417 257 2470 certum
279 2404 321 2469 sit
340 2405 413 2491 ipsa
434 2403 608 2490 scriptoris
628 2407 732 2472 verba
753 2429 842 2486 esse,
866 2426 984 2469 eorum
1005 2424 1167 2492 perquam

64 2516 67 2521 ·
128 2491 254 2575 exigua
276 2489 455 2554 auctoritas
476 2491 558 2562 erit,
578 2490 685 2556 sicubi
705 2515 772 2559 non
792 2490 987 2578 agnosicant,
1023 2511 1111 2575 quae
1131 2489 1168 2555 in

126 2574 200 2642 aliis
221 2573 410 2665 reperimus
423 2574 590 2651 codicibus
602 2578 739 2665 scripta.
782 2578 907 2645 Contra
927 2577 1014 2640 iusta
1032 2597 1168 2641 neeesse

126 2673 186 2729 est
199 2660 464 2748 interpolationis
484 2663 631 2751 suuncio
652 2667 795 2746 oriatur,
817 2662 930 2729 sicubi
949 2662 1053 2742 liber,
1073 2654 1166 2735 buius

125 2747 276 2814 maxima
297 2760 350 2814 est
366 2747 563 2830 austasius,
583 2773 654 2815 non
674 2750 775 2816 habet
794 2750 916 2827 verba,
947 2770 1033 2834 quae
1054 2768 1168 2836 neque

126 2833 326 2909 adsensum
353 2835 539 2901 necessaria
558 2848 635 2901 sunt
663 2858 776 2924 neque
807 2833 985 2921 quomodo
1007 2832 1166 2899 excidere

125 2920 297 3008 potuerint
324 2917 442 2984 videre
463 2919 499 2984 in
520 2934 682 3009 promptu
703 2933 761 2988 est
804 2920 870 2986 sen
891 2943 969 2988 cum
997 2919 1056 2985 uni
1076 2918 1166 2987 libro

123 3025 371 3091 nonnunquam
386 3014 480 3069 tanta
500 3004 617 3072 haberi
629 3006 711 3073 fides
724 3018 877 3092 nequeat,
898 3018 936 3071 ut
955 3006 1033 3075 eius,
1048 3018 1167 3083 aueto-

124 3092 224 3157 ritate
245 3088 479 3189 statim,'·quae
500 3091 611 3157 abesse
630 3092 760 3180 possint
779 3093 871 3159 salvo
892 3115 1002 3180 sensu,
1023 3092 1166 3158 eiicien-

9 3184 17 3197 '
124 3188 190 3241 tur·
205 3173 325 3257 verba,
352 3174 495 3244 ahorum
517 3178 740 3267 expectandus
767 3179 834 3243 erit
861 3184 1041 3245 'consensus
1069 3178 1165 3243 codi-

124 3284 224 3343 cum,
245 3261 443 3348 prinsquam
463 3264 601 3329 exulare
620 3265 751 3346 iubeas,
776 3265 918 3351 quaein
937 3287 1006 3329 uno
1027 3264 1164 3330 deside·

123 3359 245 3414 rantur
273 3345 398 3413 codice.
446 3348 579 3415 Verum
607 3372 652 3417 ne
677 3352 742 3418 hoo
768 3351 906 3437 quidem
933 3351 1057 3436 ubique
1084 3370 1164 3433 ιιιο-1

123 3444 278 3501 mentum
293 3429 382 3513 facit,
401 3431 430 3498 si
443 3433 511 3500 duo
527 3436 680 3536 pluresve
699 3437 778 3503 libri
796 3438 1040 3509 consentienter
1056 3435 1163 3502 omit-

118 3531 216 3594 tunt,
253 3540 336 3604 quae
356 3519 392 3585 in
417 3520 556 3606 reliquis
575 3524 697 3612 scripta
724 3520 1028 3622 deprehenduntur.
1069 3522 1163 3587 Nam

122 3608 153 3673 si
173 3605 223 3673 illi
243 3626 287 3670 ex
308 3626 343 3671 se
364 3605 509 3671 invicem
536 3609 599 3675 orti
619 3623 652 3675 et
673 3609 827 3696 descnpti
845 3620 944 3691 sunt,
973 3603 1073 3673 unius
1094 3630 1161 3695 po-

121 3703 187 3759 test
206 3713 279 3754 esse
300 3689 428 3757 librarii
448 3714 560 3774 error,
579 3714 683 3793 quem
703 3715 901 3782 consensum
921 3691 1074 3781 plurium
1091 3715 1162 3781 pu·
1201 3748 1206 3757 .

121 3789 183 3845 tes.
224 3775 338 3862 Itaque
360 3798 435 3843 mea
455 3791 616 3861 sententia
635 3780 671 3846 itl
691 3780 840 3863 maxime
857 3780 1028 3869 agendum
1045 3778 1079 3845 ei
1102 3790 1162 3862 est,

121 3864 181 3950 qui
200 3861 265 3929 hoc
287 3863 366 3927 artie
388 3863 521 3929 criticae
539 3886 644 3949 genus
663 3865 803 3947 feliciter
822 3878 962 3932 tractare
983 3863 1161 3941 studuerit,

121 3959 160 4015 ut
179 3946 389 4033 singulorum
409 3948 574 4029 codicum·
594 3955 687 4041 origo
709 3977 792 4042 quae
813 3954 875 4036 sit,
905 3950 1160 4038 diligentissime

120 4035 156 4101 in
180 4035 280 4099 uirat·
847 4100 851 4107 .
893 4104 896 4109 ,
972 4100 975 4107 .

158 4057 179 4121 q
205 4120 285 4184 Hoc
310 4129 422 4185 autem
450 4120 509 4206 qui
534 4116 667 4202 fecerit,
685 4104 944 4211 traepennmero
972 4120 1160 4195 certissinie

78 4297 84 4310 ἱ
118 4203 246 4299 ¹poterit
274 4202 520 4291 demonstrare,
562 4208 934 4299 insinuaremus
960 4211 1026 4278 duo
1049 4223 1161 4279 tresve
