2634 4748
123 438 223 506 'tione
234 432 346 504 Pom
376 428 448 498 eii
475 429 698 502 memorum
723 439 842 521 atquo,
858 431 1088 523 imminutum
1106 445 1191 519 est„

133 524 285 592 adventu
300 452 482 586 sufflatum
502 528 545 583 oe
565 518 746 607 sepultum.
927 541 931 556 ¹
978 582 984 615 Ι
1014 529 1018 543 ·
1087 562 1089 567 -

215 610 291 676 Neo
312 605 491 692 quicquam
514 602 684 676 varietutis
704 602 746 668 ad
767 601 860 671 huno
878 602 992 671 locum
1012 628 1057 672 ex
1077 605 1173 685 eodi-

119 694 229 764 'oiiius
257 702 438 777 enotatum'
455 689 497 753 ab·
525 687 708 754 editoribus
736 699 797 755 est.
852 688 950 757 Solus
974 693 1093 779 igitur,
1136 703 1175 759 ut

26 828 28 833 ·
78 774 93 847 't
119 776 283 859 ¹videtur,
324 776 431 842 codex
454 771 660 840 Erfurtensis
686 797 750 863 pro
771 774 932 866 Pompeii
961 776 1062 846 hauet
1089 777 1174 864 eius,

131 866 225 957 quod
239 880 434 953 pronomen
451 873 519 925 non
539 856 865 948 fuisse-'interpretes
886 860 1047 930 inlocum
1061 859 1174 939 Pom-

129 953 190 1045 pei
210 949 454 1030 substituturus,
474 948 550 1012 lure
570 947 692 1013 o'larius
714 957 773 1012 est.
891 1000 894 1019 ,
1101 954 1114 999 ’.
1153 990 1159 1019 ,

221 1039 261 1104 C.
282 1035 308 1099 Ι.
334 1033 365 1117 §.
390 1052 420 1097 2.
462 1030 512 1096 Et
537 1031 568 1096 si
596 1030 687 1119 qnid¹
709 1030 816 1098 eiiam
843 1031 987 1109 dicendo
1015 1034 1176 1122 consequi

131 1142 291 1215 possum,
312 1119 357 1183 iis
377 1118 552 1201 ostendam
569 1116 821 1205 potissimum„
835 1117 896 1206 qui
916 1110 949 1182 ei
969 1138 1103 1206 quoque
1123 1121 1175 1189 rei

124 1212 289 1304 fructum
311 1226 373 1269 suo
386 1202 522 1268 'iudicio
544 1202 764 1270 tribuendum
784 1226 856 1269 esse
878 1215 1092 1274 censuerunt.
1133 1204 1142 1243 ·'

221 1294 338 1370 Solus,
363 1288 392 1354 si
412 1286 494 1365 fides
516 1288 695 1354 editoribus
717 1289 868 1355 habenda
889 1302 956 1372 est,
977 1288 1086 1356 codex
1106 1290 1190 1357 Er·-

133 1378 291 1449 furteusis
318 1386 380 1463 pro
407 1384 607 1440 censuerunt
621 1374 729 1440 habet
752 1375 942 1454 duxerunt,
979 1378 1175 1462 quoyerbo
1202 1400 1207 1405 ·

105 1494 111 1500 ·
134 1465 392 1554 nego'unquam
414 1459 612 1546 i¹o¹erpretes
641 1458 683 1525 ad
704 1456 958 1548 explicationem
977 1459 1076 1528 verbi
1096 1461 1174 1530 'eene

135 1573 209 1619 sere
232 1572 311 1615 usos
333 1570 414 1613 esse.
459 1544 584 1610 Contra
605 1543 728 1612 ducere
747 1546 898 1634 potuisse
917 1545 1022 1613 verbo
1042 1570 1174 1619 censere

136 1630 445 1727 explicari-quivis
469 1630 635 1705 concedat
648 1640 788 1698 necesse
805 1637 864 1703 esti
1078 1694 1081 1699 ,

222 1722 261 1788 c.
283 1718 327 1788 V.
353 1721 385 1802 §.
405 1717 459 1816 ‚²5⁶
504 1713 545 1782 V
540 1716 635 1784 ident
653 1754 698 1768 -
727 1740 836 1785 unum
863 1717 987 1784 virum.
1002 1739 1096 1801 esse,
1137 1718 1197 1789 iu.

27 1884 29 1894 ¹
133 1806 201 1903 qu'o
223 1825 360 1873 surnmo
381 1810 451 1867 sint
472 1802 605 1882 omnies
621 1813 758 1869 et'eum
774 1814 883 1890 'prope
906 1825 986 1869 esse.
1154 1804 1158 1809 '

165 1981 187 1996 ..
220 1896 261 1962 Ο.
283 1891 344 1956 VI.
367 1890 398 2039 §d
420 1887 492 2040 μὰρ
515 1889 604 1956 Cum
624 1888 692 1956 duo
709 1912 808 1980 reges
828 1913 908 1957 eum
929 1888 1095 1957 maximis
1113 1888 1177 1957 rio·

132 2005 203 2072 pm
218 1985 521 2145 ppopprpqppzltoco
541 2057 748 2128 Erfurtensis
768 2068 831 2150 pro'
845 2024 954 2150 prope
975 2061 1074 2129 habet
1091 2084 1178 2150 pro·

161 2164 223 2218 ter.
264 2150 303 2214 In
325 2150 440 2234 priore
461 2146 703 2213 consentientes
732 2170 846 2212 seeum
874 2146 974 2214 habet
996 2170 1103 2213 unum
1129 2146 1176 2213 li-

131 2175 237 2305 irum
256 2232 414 2302 Lambini
434 2243 473 2315 ¹et
495 2232 759 2321 Hittorpianum‚
779 2232 816 2299 in
836 2236 940 2300 altero
960 2235 1069 2300 solum
1089 2233 1175 2297 Hit·

134 2323 340 2414 torpianum.
382 2317 492 2384 Miror
512 2319 637 2384 iterum
656 2318 818 2400 editores,
855 2325 1007 2406 quinon
1028 2316 1174 2387 viderint

92 2448 95 2465 ·
134 2410 323 2485 lectionem,
345 2417 675 2492 quam-receperunt,
697 2405 905 2494 apertissime
924 2407 1070 2493 ‘glossam
1091 2426 1173 2468 esse.

134 2494 269 2563 Etenim
293 2493 360 2555 iam
383 2490 548 2556 veteribus
574 2491 806 2559 Grammaticis
834 2493 1039 2578 singularem
1061 2492 1177 2557 visum

135 2605 206 2646 esse
228 2600 328 2643 usum
348 2576 606 2672 praepositionis
625 2590 787 2666 propter,
809 2579 875 2644 loci
896 2578 1046 2645 habentis
1067 2575 1176 2661 signis

132 2662 340 2744 ficationem,
372 2661 478 2747 intelli
501 2663 661 2743 imus'ex
689 2664 856 2731 Arusiano
878 2665 1009 2751 Messo,
1052 2664 1110 2756 qui
1137 2665 1176 2731 in
1207 2680 1210 2685 '

133 2754 227 2821 Eioc.
249 2748 404 2837 Exempl.
426 2770 460 2838 p.
479 2683 557 2838 ips.
582 2750 664 2816 haec
684 2751 871 2818 adnotavit:
1084 2790 1116 2816 ‚·
1202 2811 1208 2822 ,

154 2846 159 2854 ’
222 2839 408 2923 Propter
437 2845 497 2914 te,
532 2835 665 2914 iusta
692 2847 741 2900 te.
787 2835 912 2901 Ciuin
933 2833 1061 2902 Pius.
1103 2828 1176 2897 His

133 2926 186 2992 vir
208 2921 434 2996 clarissimus,
450 2918 516 3068 pati
528 2931 727 3008 propterte
748 2922 852 3000 sedet,
872 2921 1007 2987 Lucius
1029 2917 1174 2985 Gellius.

135 3009 240 3095 Virg.
265 3007 308 3071 G.
333 3004 405 3071 ΙΙΙ.
430 3027 445 3069 r
471 3049 481 3069 .
522 3010 573 3071 Et
600 3003 705 3071 viridi
733 3006 770 3074 in
797 3031 918 3096 compo
939 3005 1216 3094 templumlde

135 3113 305 3161 marmore
325 3110 458 3180 ponam
472 3103 618 3178 propter·
636 3113 777 3178 aquam.

173 3204 175 3208 ⁴
220 3181 333 3264 Atque
352 3175 484 3264 inipso
504 3176 563 3242 ilto
584 3176 713 3242 Pisonis
735 3178 810 3244 loro
830 3201 932 3267 supra
944 3175 1013 3243 iam
1027 3174 1174 3242 vidimus

132 3264 237 3331 iuxta
256 3264 400 3348 glossam
422 3283 484 3349 pro
502 3263 649 3351 genuina
669 3264 835 3353 scriptura
850 3276 993 3353 propter
1006 3266 1045 3331 iu
1059 3260 1174 3328 codice

131 3351 329 3419 Erfnrtense
350 3357 490 3415 exstare.
1186 3410 1192 3421 ,

220 3434 327 3520 Magis
355 3444 468 3501 autem
495 3430 634 3503 offendit
660 3431 697 3502 in
718 3434 781 3501 hac
804 3432 956 3501 oratione
975 3435 1176 3521 interpretes

128 3533 271 3615 propter
291 3517 532 3586 adverbii'looo
551 3532 763 3609 usurpatum,
787 3519 878 3585 unde
896 3530 1003 3609 prope
1025 3519 1175 3606 explica-
1211 3529 1218 3541 ”

132 3609 232 3676 tionis
253 3627 352 3674 eausa
372 3629 411 3673 sn
437 3605 635 3695 erscriptum
657 3618 691 3672 et
712 3629 733 3675 a
753 3606 899 3673 librariis
920 3619 1093 3695 receptum
1114 3613 1175 3669 est.

219 3693 257 3758 C.
280 3691 374 3759 XIV.
400 3628 438 3844 Ξ
460 3693 513 3756 4ι.
555 3690 680 3780 Itaque
704 3701 824 3759 omnes
852 3693 991 3781 quidem
1019 3712 1111 3758 nune
1136 3692 1175 3755 in

95 3846 97 3853 ,
130 3779 186 3848 tis
206 3779 289 3846 locis
312 3776 379 3858 Gn,
434 3777 625 3867 ompeinm,
668 3776 758 3845 sicut
786 3778 937 3868 aliquem
958 3802 1025 3846 non
1045 3799 1088 3841 ex
1108 3773 1176 3840 Irae

130 3865 215 3932 urbe
236 3863 389 3943 missum,
410 3863 532 3930 sed'de
553 3861 644 3928 coelo
665 3863 847 3954 delapsum
868 3867 1063 3932 intuentur.-
1084 3884 1176 3927 nuno

50 4030 53 4035 4
131 3950 275 4038 denique
299 3946 469 4037 incipiunt
496 3949 647 4028 eredere,
672 3950 792 4040 fuisse
817 3949 970 4019 homines
996 3949 1175 4017 Romanos

132 4034 200 4102 hae
245 4034 393 4101 nondam
421 4033 636 4102 abstinentia.
1158 4112 1161 4117 ¹

105 4146 108 4155 ·
216 4058 284 4186 iro
325 4119 533 4189 abstinentia
571 4120 790 4197 Erfurtensis‚
833 4122 966 4209 quicum
1009 4116 1175 4187 consentit

130 4203 348 4274 Taurinenais
370 4217 403 4273 et
417 4226 532 4297 margo
546 4205 732 4292 Cratandri,
746 4206 847 4276 habet
860 4206 1080 4277 continentia.
1108 4202 1175 4272 Hic
