2640 4748
55 215 61 226 ¹
130 232 133 241 '
196 254 316 312 chVI

194 413 423 491 intellexerat.
482 413 663 482 Caeterum
691 405 735 482 de
772 414 956 487 momiano
984 418 1123 507 confer,
1163 445 1252 512 quae

138 552 142 559 -
191 507 444 593 ,Weichertum
464 502 520 568 vir
543 502 586 568 de
606 502 708 568 rebus
728 506 814 571 meis
835 507 1075 591 immortaliter
1096 513 1253 593 meritus,

195 597 312 669 docte,
333 604 373 657 ut
393 591 498 667 solet,
519 587 677 656 disseruit
693 590 733 656 in
754 591 1050 660 commentatione
1071 597 1114 663 de
1129 597 1168 664 C.
1180 599 1252 665 Li·

193 684 285 751 einio
306 679 433 769 Calvo,
459 688 596 747 oratore
612 688 652 743 st
666 688 783 767 poeto.
818 681 932 746 Grim.
950 704 1005 746 an.
1032 685 1125 763 1825.
1147 710 1183 774 p.
1197 686 1250 753 15.

249 770 254 779 “
278 765 337 834 Ad
359 765 503 833 alterum
522 764 679 829 locorum
695 786 800 850 genus
822 767 1075 869 progredimur,
1110 771 1146 834 in
1169 774 1252 857 qui·

190 858 254 924 ¹bus
272 853 465 939 ambiguam
482 849 596 916 svideri
615 873 715 938 posse
737 851 837 919 verbi
855 851 1006 920 diribere
1027 855 1252 941 significatio-

154 996 157 1011 .
180 966 292 1022 nem,
313 939 371 1006 sed
395 961 435 1004 re
456 936 637 1024 diligenter
657 939 824 1026 pensitata
841 960 911 1006 non
934 963 1008 1006 esse
1028 964 1134 1029 supra
1156 943 1252 1009 dixi-

189 1026 278 1098 mus.
327 1025 392 1092 Aa
414 1023 557 1090 eandem
584 1046 660 1089 rem
688 1048 742 1091 res
766 1026 874 1092 iciunt
905 1025 976 1092 Cic.
994 1041 1085 1128 'im
1099 1029 1183 1111 ¹red.
1211 1034 1251 1097 iu

192 1121 273 1185 Seu.
296 1114 335 1180 G.
356 1113 417 1178 XI.
439 1110 531 1176 etin
552 1109 664 1176 Pison.
687 1112 727 1181 C.
786 1113 835 1180 V.
878 1113 981 1180 Prior
999 1127 1049 1179 ita
1070 1138 1106 1180 se
1128 1117 1250 1185 habeta
1305 1132 1309 1143 ’

92 1283 93 1287 ¹
135 1198 138 1203 ’
194 1236 196 1241 ·
278 1197 428 1282 Quando
462 1184 601 1262 tantnni
626 1195 870 1288 frequentiam
903 1200 943 1267 in
978 1223 1119 1290 campe,
1163 1215 1250 1271 tnn-
1301 1224 1303 1230 '

68 1366 70 1369 ⁸
106 1322 129 1351 ,·
192 1299 308 1358 tumn
333 1285 510 1352 lentiorem
530 1283 661 1350 Italiae
692 1285 802 1352 totius
829 1286 1060 1375 ordinumque
1082 1284 1250 1370 omnium,

79 1450 83 1455 ,
186 1313 332 1468 'ostendii
354 1372 425 1458 itta·
449 1369 625 1458 dignitate
653 1385 852 1463 rogatores,
878 1371 1110 1454 diribitores,
1129 1389 1249 1444 eumo-

159 1466 318 1551 ,desque
333 1457 499 1526 vidistis?
837 1507 840 1511 -
882 1510 885 1520 ,
1176 1487 1207 1515 ·.

274 1548 373 1616 Alter
393 1546 460 1612 itae
848 1590 850 1595 »
1184 1571 1199 1642 1

175 1633 177 1640 ’
272 1639 349 1701 Hoc
370 1643 463 1697 uerte
474 1625 575 1694 video
582 1669 593 1706 ‚
615 1627 709 1715 quod
728 1625 889 1708 indicant
904 1626 1051 1697 »sabatae
1097 1633 1246 1715 uitione,

183 1746 246 1791 vos
267 1725 540 1809 rogatores„vos
560 1714 773 1798 diribitores,
792 1739 854 1784 vos
874 1716 1036 1786 *custodes
1048 1654 1170 1810 sciisse
1187 1734 1246 1792 ta·
1278 1746 1283 1779 ··

149 1870 151 1873 .
181 1808 367 1879 deltarum.
439 1812 441 1823 '

150 1876 157 1904 ⁸
270 1892 427 1979 Utroque
463 1889 539 1954 loco
578 1908 657 1952 oum
675 1890 680 1902 “
699 1885 821 1954 Cicero
858 1889 1014 1976 primum
1052 1905 1245 1981 rogatores,

184 1983 307 2049 deinde
329 1976 527 2044 diribitores
549 1986 810 2057 commemoret,
847 1975 931 2076 quid
952 1976 1089 2044 tandem
1141 1981 1244 2047 roba·

181 2067 305 2147 bilius,
326 2086 431 2154 quam
451 2060 664 2149 rogatoribus
687 2058 791 2127 etism
813 2083 905 2147 prius
927 2003 1243 2149 quamdiriiitori-

180 2157 246 2222 bus
266 2156 305 2221 in
328 2149 473 2218 comitiis
495 2148 600 2233 fuisse
626 2147 736 2232 opus-i
779 2148 992 2234 Rogatorum
1020 2168 1135 2221 autem
1157 2177 1240 2220 een·-

181 2252 250 2308 stat
269 2260 395 2306 munus
417 2234 543 2310 fuisso,
579 2232 739 2310 tabellas,
755 2314 758 2319 ἱ
772 2257 858 2320 quas
887 2236 1049 2323 singulae¹
1069 2241 1239 2307 centuriae

171 2329 352 2407 terebant,
369 2319 577 2408 colligendi,
591 2321 905 2411 quemadmodum,
937 2346 1017 2388 oum
1038 2349 1123 2395 vose
1145 2329 1240 2394 fere-

119 2440 121 2444 ‘
179 2417 281 2484 batur
301 2410 519 2496 suffragium,
550 2428 690 2494 rogare,
717 2405 752 2473 id
774 2420 824 2475 est
844 2409 1055 2497 interrogare
1073 2415 1248 2491 centurias,

180 2502 348 2568 debebant
377 2495 557 2564 sententias
584 2514 681 2574 suas,
723 2493 875 2583 latasque
911 2497 1043 2562 referre
1058 2500 1118 2566 ad
1147 2500 1271 2582 eum,‘

176 2591 239 2681 (1πὶ
260 2596 419 2677 praeerat
437 2579 592 2649 comitiis.
636 2582 752 2669 Itaque
773 2580 1005 2660 diribitorum,
1025 2585 1057 2651 si
1074 2599 1156 2738 fost
1177 2610 1240 2654 ro·

175 2691 309 2767 gatores
330 2673 569 2743 nominantur,
600 2668 691 2755 quod
713 2667 749 2734 in
771 2669 903 2734 duobus
924 2669 1052 2736 factum
1089 2672 1160 2741 ocis
1181 2676 1238 2753 vi*

76 2796 79 2799 ·
103 2808 106 2813 <
145 2769 148 2774 ’
177 2767 318 2845 demus,
339 2782 409 2827 non
430 2768 544 2848 potest
564 2754 654 2821 aliud
673 2754 778 2822 fuisse
798 2756 974 2844 negotium
991 2760 1111 2838 statui,
1132 2782 1238 2849 quam

175 2851 263 2933 hoo,
285 2860 323 2914 ut
343 2846 512 2912 coniectas
532 2843 570 2907 iu
592 2843 689 2907 cistas
714 2842 850 2907 tabellas
872 2843 1104 2931 disponerent.

265 2936 336 3003 cie.
357 2935 395 2999 in
422 2933 491 2999 Pis.
524 2929 564 2994 Ο.
585 2927 664 2995 XL.
697 2929 728 3014 ξ.
753 2927 909 3015 96.<Ἀη
934 2951 997 3017 ego
1025 2946 1237 3033 exspectem,

25 3074 27 3079 .
145 3008 263 3090 ‘dum
284 3021 328 3086 de
350 3031 384 3086 te
407 3019 615 3115 quinqueet
635 3015 861 3102 septuaginta
882 3015 1032 3083 tabellae
1053 3018 1235 3090 deridente*
1281 3027 1284 3031 ’

103 3122 106 3132 “
175 3122 245 3190 tur,
266 3108 310 3173 de
321 3130 398 3196 -quo
415 3105 493 3168 tam
511 3099 650 3191 pridem
671 3122 788 3168 omnes
808 3104 976 3170 mortales
991 3106 1146 3172 omnium
1165 3132 1234 3198 ge-

173 3218 313 3274 nerum,
337 3203 514 3267 aetatum,
535 3180 699 3255 ordinum
718 3187 993 3258 iudicaverunt?
1160 3261 1162 3266 ,

259 3279 371 3349 Nimis
399 3277 545 3344 verbose
577 3274 805 3359 'Garatonius‚
840 3275 934 3341 cuius
965 3287 1080 3342 notam
1111 3281 1230 3369 paullo

116 3424 119 3429 .
171 3381 251 3436 ante
288 3364 544 3456 descripsimus,
596 3363 638 3428 de
677 3384 780 3428 sensu
817 3358 918 3428 huius
953 3362 1021 3429 loci
1059 3369 1231 3453 exposuit,

169 3476 379 3545 quamquam
413 3474 499 3541 quae
536 3474 560 3516 o
587 3448 671 3513 tima
711 3458 798 3515 esset
836 3449 1023 3516 verborum
1063 3456 1229 3520 sententia

169 3555 266 3610 acute
288 3539 471 3632 perspexit,
515 3472 585 3603 Sed
609 3533 776 3604 dubitavit
803 3556 880 3599 eam
901 3546 1141 3625 usquequaque
1160 3562 1226 3629 pro

169 3653 252 3697 vera
281 3629 421 3708 habere,
460 3625 623 3711 quoniam
648 3622 755 3688 verbo
783 3619 933 3688 diribere
954 3646 1025 3690 non
1053 3640 1228 3696 ausus‘est

168 3717 271 3785 alium
290 3738 397 3804 quam
418 3710 633 3780 ministrandi
663 3706 888 3796 significatum
915 3710 1077 3776 tribuere.

254 3804 335 3870 Una
357 3800 415 3868 sed
443 3820 482 3865 ea
502 3795 700 3885 gravissima
730 3816 829 3860 eausa
850 3819 911 3862 cur
938 3794 1134 3863 diribentur
1154 3806 1236 3866 nou'

167 3891 274 3980 possit
303 3913 362 3971 eo,
408 3909 475 3974 quo
504 3884 607 3970 vulgo
635 3880 805 3965 ereditur,
848 3904 950 3949 sensu
980 3881 1108 3949 dictum
1139 3907 1224 3970 esse,

164 3976 316 4043 consistit
329 3977 369 4040 in
392 3975 494 4041 totius
515 3972 580 4037 loci
600 3969 782 4050 sententia,
806 3992 892 4057 quae
914 3971 1011 4035 docet
1026 3971 1222 4051 manifesto,

160 4065 267 4130 verba
300 4062 385 4129 elram
417 4060 460 4126 cte
495 4069 528 4122 te
544 4089 565 4106 ·
582 4055 800 4123 diribeantur
830 4058 1018 4123 necessario
1051 4059 1094 4124 de
1123 4059 1222 4124 exitu

159 4149 277 4216 iudi-cii
299 4149 426 4216 debere
454 4143 542 4210 diota
572 4164 660 4222 esse,
697 4164 798 4229 quem
827 4154 926 4228 neget
948 4166 983 4208 se
1002 4144 1127 4210 Cicero
1151 4169 1219 4210 ex·

152 4249 383 4326 spectaturum
405 4255 490 4310 esse,
511 4252 591 4309 oum
610 4251 729 4296 omnes
750 4229 820 4296 iam
841 4231 1003 4297 mortales
1025 4232 1070 4298 de
1090 4230 1216 4308 Pisone
