<?xml version="1.0" encoding="UTF-8"?>
<!DOCTYPE html PUBLIC "-//W3C//DTD XHTML 1.0 Transitional//EN"
    "http://www.w3.org/TR/xhtml1/DTD/xhtml1-transitional.dtd">
<html xmlns="http://www.w3.org/1999/xhtml" xml:lang="en" lang="en">
 <head>
  <title>
</title>
<meta http-equiv="Content-Type" content="text/html;charset=utf-8" />
  <meta name='ocr-system' content='tesseract 3.04.00' />
  <meta name='ocr-capabilities' content='ocr_page ocr_carea ocr_par ocr_line ocrx_word'/>
</head>
<body>
  <div class='ocr_page' id='page_1' title='image "./variaelectiones00wundgoog_0041.png"; bbox 0 0 2634 4748; ppageno 0'>
   <div class='ocr_carea' id='block_1_1' title="bbox 130 274 541 363">
    <p class='ocr_par' dir='ltr' id='par_1_1' title="bbox 130 274 541 363">
     <span class='ocr_line' id='line_1_1' title="bbox 130 274 541 363; baseline 0.005 -9"><span class='ocrx_word' id='word_1_1' title='bbox 130 342 133 353; x_wconf 81' lang='grc'>,</span> <span class='ocrx_word' id='word_1_2' title='bbox 192 301 318 363; x_wconf 65' lang='lat' dir='ltr'>xxxv!</span> <span class='ocrx_word' id='word_1_3' title='bbox 366 274 368 285; x_wconf 64' lang='grc'>’</span> <span class='ocrx_word' id='word_1_4' title='bbox 539 330 541 341; x_wconf 88' lang='lat'><em>-</em></span> 
     </span>
    </p>
   </div>
   <div class='ocr_carea' id='block_1_2' title="bbox 77 464 1312 4359">
    <p class='ocr_par' dir='ltr' id='par_1_2' title="bbox 108 464 1309 910">
     <span class='ocr_line' id='line_1_2' title="bbox 276 464 1254 555; baseline 0 -21"><span class='ocrx_word' id='word_1_5' title='bbox 276 464 571 534; x_wconf 82' lang='lat' dir='ltr'><strong>Terminationem</strong></span> <span class='ocrx_word' id='word_1_6' title='bbox 586 466 629 533; x_wconf 80' lang='lat' dir='ltr'><strong>&#39;us</strong></span> <span class='ocrx_word' id='word_1_7' title='bbox 643 487 886 555; x_wconf 68' lang='lat' dir='ltr'>nonnunquam</span> <span class='ocrx_word' id='word_1_8' title='bbox 904 465 1041 545; x_wconf 85' lang='lat' dir='ltr'><strong>omittit,</strong></span> <span class='ocrx_word' id='word_1_9' title='bbox 1063 464 1254 554; x_wconf 73' lang='lat' dir='ltr'><strong>scribitque</strong></span> 
     </span>
     <span class='ocr_line' id='line_1_3' title="bbox 191 552 1309 646; baseline -0.006 -21"><span class='ocrx_word' id='word_1_10' title='bbox 191 557 307 645; x_wconf 88' lang='lat' dir='ltr'><strong>inepte</strong></span> <span class='ocrx_word' id='word_1_11' title='bbox 327 554 386 620; x_wconf 86' lang='lat' dir='ltr'><strong>cui</strong></span> <span class='ocrx_word' id='word_1_12' title='bbox 406 576 472 646; x_wconf 78' lang='lat' dir='ltr'><strong>pro</strong></span> <span class='ocrx_word' id='word_1_13' title='bbox 492 553 592 618; x_wconf 84' lang='lat' dir='ltr'><strong>cuius</strong></span> <span class='ocrx_word' id='word_1_14' title='bbox 612 553 639 635; x_wconf 95' lang='lat' dir='ltr'><strong>I,</strong></span> <span class='ocrx_word' id='word_1_15' title='bbox 656 575 684 632; x_wconf 92' lang='lat'><strong>1,</strong></span> <span class='ocrx_word' id='word_1_16' title='bbox 699 553 731 619; x_wconf 83' lang='lat'><strong>5.</strong></span> <span class='ocrx_word' id='word_1_17' title='bbox 755 565 788 618; x_wconf 89' lang='lat' dir='ltr'><strong>et</strong></span> <span class='ocrx_word' id='word_1_18' title='bbox 810 554 842 617; x_wconf 87' lang='lat' dir='ltr'><strong>ei</strong></span> <span class='ocrx_word' id='word_1_19' title='bbox 863 577 927 640; x_wconf 90' lang='lat' dir='ltr'><strong>pro</strong></span> <span class='ocrx_word' id='word_1_20' title='bbox 949 554 1021 619; x_wconf 83' lang='lat' dir='ltr'><strong>cias</strong></span> <span class='ocrx_word' id='word_1_21' title='bbox 1043 555 1106 633; x_wconf 80' lang='lat' dir='ltr'><strong>Vt,</strong></span> <span class='ocrx_word' id='word_1_22' title='bbox 1124 553 1177 637; x_wconf 79' lang='lat'><strong>14,</strong></span> <span class='ocrx_word' id='word_1_23' title='bbox 1196 578 1247 620; x_wconf 82' lang='lat' dir='ltr'><strong>rr.</strong></span> <span class='ocrx_word' id='word_1_24' title='bbox 1306 552 1309 559; x_wconf 86' lang='grc'><strong>’</strong></span> 
     </span>
     <span class='ocr_line' id='line_1_4' title="bbox 198 639 1288 729; baseline 0.002 -22"><span class='ocrx_word' id='word_1_25' title='bbox 198 646 206 661; x_wconf 87' lang='grc'><strong>’</strong></span> <span class='ocrx_word' id='word_1_26' title='bbox 280 643 354 723; x_wconf 81' lang='grc' dir='ltr'><strong>Ρι·οΙ</strong></span> <span class='ocrx_word' id='word_1_27' title='bbox 368 641 480 705; x_wconf 88' lang='lat' dir='ltr'><strong>littera</strong></span> <span class='ocrx_word' id='word_1_28' title='bbox 503 656 614 703; x_wconf 88' lang='lat' dir='ltr'><strong>enon</strong></span> <span class='ocrx_word' id='word_1_29' title='bbox 635 652 715 704; x_wconf 84' lang='lat' dir='ltr'><strong>raro</strong></span> <span class='ocrx_word' id='word_1_30' title='bbox 737 639 752 706; x_wconf 88' lang='lat' dir='ltr'><strong>i</strong></span> <span class='ocrx_word' id='word_1_31' title='bbox 772 640 897 717; x_wconf 82' lang='lat' dir='ltr'><strong>scribit,</strong></span> <span class='ocrx_word' id='word_1_32' title='bbox 914 652 949 705; x_wconf 89' lang='lat' dir='ltr'><strong>nt</strong></span> <span class='ocrx_word' id='word_1_33' title='bbox 975 663 1064 707; x_wconf 83' lang='lat' dir='ltr'><strong>anne</strong></span> <span class='ocrx_word' id='word_1_34' title='bbox 1081 656 1145 729; x_wconf 88' lang='lat' dir='ltr'><strong>pro</strong></span> <span class='ocrx_word' id='word_1_35' title='bbox 1161 641 1251 709; x_wconf 76' lang='lat' dir='ltr'><strong>coni</strong></span> <span class='ocrx_word' id='word_1_36' title='bbox 1281 674 1288 693; x_wconf 48' lang='lat' dir='ltr'>x</span> 
     </span>
     <span class='ocr_line' id='line_1_5' title="bbox 108 722 1293 812; baseline -0.001 -19"><span class='ocrx_word' id='word_1_37' title='bbox 108 782 112 793; x_wconf 94' lang='lat'><em>.</em></span> <span class='ocrx_word' id='word_1_38' title='bbox 193 722 293 810; x_wconf 82' lang='lat' dir='ltr'><strong>XIV,</strong></span> <span class='ocrx_word' id='word_1_39' title='bbox 320 727 372 810; x_wconf 76' lang='grc'><strong>55,</strong></span> <span class='ocrx_word' id='word_1_40' title='bbox 397 747 448 793; x_wconf 84' lang='lat'><strong>10.</strong></span> <span class='ocrx_word' id='word_1_41' title='bbox 471 736 507 811; x_wconf 85' lang='lat' dir='ltr'><strong>¹et</strong></span> <span class='ocrx_word' id='word_1_42' title='bbox 526 746 635 812; x_wconf 77' lang='lat' dir='ltr'><strong>neque</strong></span> <span class='ocrx_word' id='word_1_43' title='bbox 658 747 722 810; x_wconf 90' lang='lat' dir='ltr'><strong>pro</strong></span> <span class='ocrx_word' id='word_1_44' title='bbox 744 746 786 803; x_wconf 79' lang='lat' dir='ltr'><strong>ne</strong></span> <span class='ocrx_word' id='word_1_45' title='bbox 809 726 868 808; x_wconf 82' lang='lat' dir='ltr'><strong>qni</strong></span> <span class='ocrx_word' id='word_1_46' title='bbox 889 725 987 802; x_wconf 87' lang='lat' dir='ltr'>XIV,</span> <span class='ocrx_word' id='word_1_47' title='bbox 1010 727 1062 807; x_wconf 77' lang='lat'><strong>54,</strong></span> <span class='ocrx_word' id='word_1_48' title='bbox 1089 729 1139 792; x_wconf 74' lang='lat'><strong>15.</strong></span> <span class='ocrx_word' id='word_1_49' title='bbox 1290 740 1293 753; x_wconf 90' lang='grc'><em>“</em></span> 
     </span>
     <span class='ocr_line' id='line_1_6' title="bbox 137 810 1255 910; baseline 0.002 -32"><span class='ocrx_word' id='word_1_50' title='bbox 137 886 141 893; x_wconf 36' lang='grc'>,</span> <span class='ocrx_word' id='word_1_51' title='bbox 263 813 350 899; x_wconf 50' lang='lat' dir='ltr'><strong>¹Pro</strong></span> <span class='ocrx_word' id='word_1_52' title='bbox 381 834 604 899; x_wconf 71' lang='lat' dir='ltr'><em>ecquosnam,</em></span> <span class='ocrx_word' id='word_1_53' title='bbox 636 810 776 901; x_wconf 82' lang='lat' dir='ltr'><strong><em>ecquid,</em></strong></span> <span class='ocrx_word' id='word_1_54' title='bbox 809 811 1008 910; x_wconf 75' lang='lat' dir='ltr'><strong><em>ecquisnam</em></strong></span> <span class='ocrx_word' id='word_1_55' title='bbox 1035 814 1134 879; x_wconf 89' lang='lat' dir='ltr'><strong>habet</strong></span> <span class='ocrx_word' id='word_1_56' title='bbox 1160 814 1255 899; x_wconf 78' lang='lat' dir='ltr'><strong>llaec·</strong></span> 
     </span>
    </p>

    <p class='ocr_par' dir='ltr' id='par_1_3' title="bbox 77 895 1312 4359">
     <span class='ocr_line' id='line_1_7' title="bbox 193 895 970 991; baseline -0.009 -22"><span class='ocrx_word' id='word_1_57' title='bbox 193 898 379 991; x_wconf 67' lang='lat' dir='ltr'><strong>quosaam,</strong></span> <span class='ocrx_word' id='word_1_58' title='bbox 400 897 485 963; x_wconf 84' lang='lat' dir='ltr'><strong>boec</strong></span> <span class='ocrx_word' id='word_1_59' title='bbox 506 897 612 984; x_wconf 82' lang='lat' dir='ltr'><strong>qaid,</strong></span> <span class='ocrx_word' id='word_1_60' title='bbox 635 910 668 962; x_wconf 88' lang='lat' dir='ltr'><strong>et</strong></span> <span class='ocrx_word' id='word_1_61' title='bbox 691 895 777 962; x_wconf 74' lang='lat' dir='ltr'><strong>liceo</strong></span> <span class='ocrx_word' id='word_1_62' title='bbox 798 920 970 985; x_wconf 74' lang='lat' dir='ltr'><strong>quierant.</strong></span> 
     </span>
     <span class='ocr_line' id='line_1_8' title="bbox 186 980 1251 1071; baseline -0.001 -16"><span class='ocrx_word' id='word_1_63' title='bbox 186 1050 189 1055; x_wconf 93' lang='grc'><em>,</em></span> <span class='ocrx_word' id='word_1_64' title='bbox 220 1015 227 1029; x_wconf 84' lang='lat'><strong>·</strong></span> <span class='ocrx_word' id='word_1_65' title='bbox 281 985 412 1055; x_wconf 82' lang='lat' dir='ltr'><strong>Mirum</strong></span> <span class='ocrx_word' id='word_1_66' title='bbox 438 1006 559 1071; x_wconf 89' lang='lat' dir='ltr'><strong>porro,</strong></span> <span class='ocrx_word' id='word_1_67' title='bbox 599 984 688 1070; x_wconf 85' lang='lat' dir='ltr'><strong>quod</strong></span> <span class='ocrx_word' id='word_1_68' title='bbox 712 1004 774 1070; x_wconf 84' lang='lat' dir='ltr'><strong>pro</strong></span> <span class='ocrx_word' id='word_1_69' title='bbox 797 985 850 1051; x_wconf 81' lang='lat' dir='ltr'><strong>ctis</strong></span> <span class='ocrx_word' id='word_1_70' title='bbox 872 983 986 1049; x_wconf 84' lang='lat' dir='ltr'><strong>scribit</strong></span> <span class='ocrx_word' id='word_1_71' title='bbox 1008 980 1100 1071; x_wconf 81' lang='lat' dir='ltr'><strong>quod</strong></span> <span class='ocrx_word' id='word_1_72' title='bbox 1120 984 1251 1055; x_wconf 82' lang='lat' dir='ltr'><strong>C·&#39;IX.</strong></span> 
     </span>
     <span class='ocr_line' id='line_1_9' title="bbox 193 1069 1241 1158; baseline -0.002 -20"><span class='ocrx_word' id='word_1_73' title='bbox 193 1076 227 1158; x_wconf 86' lang='lat'><strong>§.</strong></span> <span class='ocrx_word' id='word_1_74' title='bbox 251 1093 312 1138; x_wconf 67' lang='lat'><strong>21·⁴</strong></span> <span class='ocrx_word' id='word_1_75' title='bbox 325 1072 357 1137; x_wconf 76' lang='lat' dir='ltr'><strong>v·</strong></span> <span class='ocrx_word' id='word_1_76' title='bbox 380 1071 421 1149; x_wconf 86' lang='grc'><strong>8.,</strong></span> <span class='ocrx_word' id='word_1_77' title='bbox 443 1070 501 1134; x_wconf 87' lang='lat' dir='ltr'><strong>ubi</strong></span> <span class='ocrx_word' id='word_1_78' title='bbox 522 1090 586 1157; x_wconf 86' lang='lat' dir='ltr'><strong>pro</strong></span> <span class='ocrx_word' id='word_1_79' title='bbox 609 1069 803 1134; x_wconf 68' lang='lat' dir='ltr'><strong>disseruisti</strong></span> <span class='ocrx_word' id='word_1_80' title='bbox 823 1071 925 1135; x_wconf 85' lang='lat' dir='ltr'><strong>babet</strong></span> <span class='ocrx_word' id='word_1_81' title='bbox 947 1069 1039 1158; x_wconf 81' lang='lat' dir='ltr'><strong>quod</strong></span> <span class='ocrx_word' id='word_1_82' title='bbox 1060 1071 1207 1149; x_wconf 81' lang='lat' dir='ltr'><strong>sensisti.</strong></span> <span class='ocrx_word' id='word_1_83' title='bbox 1239 1118 1241 1123; x_wconf 91' lang='lat'>-</span> 
     </span>
     <span class='ocr_line' id='line_1_10' title="bbox 132 1155 1301 1245; baseline -0.002 -25"><span class='ocrx_word' id='word_1_84' title='bbox 132 1234 133 1238; x_wconf 7' lang='grc' dir='ltr'><strong>Ἰ</strong></span> <span class='ocrx_word' id='word_1_85' title='bbox 279 1155 510 1235; x_wconf 80' lang='lat' dir='ltr'><strong>Nihilominus</strong></span> <span class='ocrx_word' id='word_1_86' title='bbox 531 1178 575 1221; x_wconf 85' lang='lat' dir='ltr'><strong>cx</strong></span> <span class='ocrx_word' id='word_1_87' title='bbox 595 1157 733 1243; x_wconf 88' lang='lat' dir='ltr'><strong>antiquo</strong></span> <span class='ocrx_word' id='word_1_88' title='bbox 748 1155 936 1245; x_wconf 85' lang='lat' dir='ltr'><strong>exemplari</strong></span> <span class='ocrx_word' id='word_1_89' title='bbox 953 1159 1042 1221; x_wconf 90' lang='lat' dir='ltr'><strong>banc</strong></span> <span class='ocrx_word' id='word_1_90' title='bbox 1057 1156 1255 1231; x_wconf 81' lang='lat' dir='ltr'><strong>orationem</strong></span> <span class='ocrx_word' id='word_1_91' title='bbox 1297 1212 1301 1218; x_wconf 89' lang='lat'>.</span> 
     </span>
     <span class='ocr_line' id='line_1_11' title="bbox 193 1240 1288 1332; baseline -0.005 -21"><span class='ocrx_word' id='word_1_92' title='bbox 193 1242 395 1332; x_wconf 72' lang='lat' dir='ltr'><strong>descriptam</strong></span> <span class='ocrx_word' id='word_1_93' title='bbox 416 1263 507 1323; x_wconf 84' lang='lat' dir='ltr'><strong>esse,</strong></span> <span class='ocrx_word' id='word_1_94' title='bbox 548 1262 594 1306; x_wconf 84' lang='lat' dir='ltr'><strong>ex</strong></span> <span class='ocrx_word' id='word_1_95' title='bbox 615 1248 664 1327; x_wconf 23' lang='lat' dir='ltr'><strong>,eb</strong></span> <span class='ocrx_word' id='word_1_96' title='bbox 694 1242 878 1328; x_wconf 83' lang='lat' dir='ltr'><strong>colligitur,</strong></span> <span class='ocrx_word' id='word_1_97' title='bbox 896 1291 898 1296; x_wconf 29' lang='lat'><em>⁷</em></span> <span class='ocrx_word' id='word_1_98' title='bbox 913 1243 1004 1328; x_wconf 92' lang='lat' dir='ltr'><strong>quod</strong></span> <span class='ocrx_word' id='word_1_99' title='bbox 1029 1240 1145 1319; x_wconf 78' lang='lat' dir='ltr'><strong>,scribit</strong></span> <span class='ocrx_word' id='word_1_100' title='bbox 1168 1241 1250 1308; x_wconf 70' lang='lat' dir='ltr'><strong>torri</strong></span> <span class='ocrx_word' id='word_1_101' title='bbox 1285 1264 1288 1269; x_wconf 90' lang='lat'>·</span> 
     </span>
     <span class='ocr_line' id='line_1_12' title="bbox 89 1326 1247 1416; baseline 0 -23"><span class='ocrx_word' id='word_1_102' title='bbox 89 1358 95 1381; x_wconf 65' lang='grc' dir='ltr'><em>ι</em></span> <span class='ocrx_word' id='word_1_103' title='bbox 202 1328 257 1398; x_wconf 75' lang='lat' dir='ltr'><strong>¹iro</strong></span> <span class='ocrx_word' id='word_1_104' title='bbox 279 1329 402 1399; x_wconf 63' lang='lat' dir='ltr'><strong>Arrii,</strong></span> <span class='ocrx_word' id='word_1_105' title='bbox 442 1326 556 1395; x_wconf 69' lang='lat' dir='ltr'><strong>ratini</strong></span> <span class='ocrx_word' id='word_1_106' title='bbox 581 1350 645 1415; x_wconf 87' lang='lat' dir='ltr'><strong>pro</strong></span> <span class='ocrx_word' id='word_1_107' title='bbox 672 1329 826 1409; x_wconf 77' lang='lat' dir='ltr'><strong>Vatinii,</strong></span> <span class='ocrx_word' id='word_1_108' title='bbox 858 1329 982 1416; x_wconf 81' lang='lat' dir='ltr'><strong>gabini</strong></span> <span class='ocrx_word' id='word_1_109' title='bbox 1006 1348 1070 1415; x_wconf 91' lang='lat' dir='ltr'><strong>pro</strong></span> <span class='ocrx_word' id='word_1_110' title='bbox 1093 1328 1247 1408; x_wconf 80' lang='lat' dir='ltr'><strong>Gabinii,</strong></span> 
     </span>
     <span class='ocr_line' id='line_1_13' title="bbox 192 1354 1245 1507; baseline -0.002 -24"><span class='ocrx_word' id='word_1_111' title='bbox 192 1354 301 1484; x_wconf 80' lang='lat' dir='ltr'><strong>bostis</strong></span> <span class='ocrx_word' id='word_1_112' title='bbox 313 1418 376 1503; x_wconf 87' lang='lat' dir='ltr'><strong>pro</strong></span> <span class='ocrx_word' id='word_1_113' title='bbox 393 1412 518 1492; x_wconf 68' lang='lat' dir='ltr'><strong>leones,</strong></span> <span class='ocrx_word' id='word_1_114' title='bbox 538 1413 650 1478; x_wconf 85' lang='lat' dir='ltr'><strong>indici</strong></span> <span class='ocrx_word' id='word_1_115' title='bbox 666 1436 728 1501; x_wconf 92' lang='lat' dir='ltr'><strong>pro</strong></span> <span class='ocrx_word' id='word_1_116' title='bbox 750 1415 882 1492; x_wconf 85' lang='lat' dir='ltr'><strong>iudicii,</strong></span> <span class='ocrx_word' id='word_1_117' title='bbox 900 1413 1016 1502; x_wconf 85' lang='lat' dir='ltr'><strong>portis</strong></span> <span class='ocrx_word' id='word_1_118' title='bbox 1032 1436 1097 1503; x_wconf 90' lang='lat' dir='ltr'><strong>pro</strong></span> <span class='ocrx_word' id='word_1_119' title='bbox 1111 1427 1245 1507; x_wconf 79' lang='lat' dir='ltr'><strong>partes,</strong></span> 
     </span>
     <span class='ocr_line' id='line_1_14' title="bbox 187 1494 1169 1590; baseline -0.006 -20"><span class='ocrx_word' id='word_1_120' title='bbox 187 1503 305 1575; x_wconf 77' lang='lat' dir='ltr'><strong>&#39;cmuis</strong></span> <span class='ocrx_word' id='word_1_121' title='bbox 328 1524 392 1590; x_wconf 86' lang='lat' dir='ltr'><strong>pro</strong></span> <span class='ocrx_word' id='word_1_122' title='bbox 414 1494 545 1584; x_wconf 74' lang='lat' dir='ltr'><strong>omnes,</strong></span> <span class='ocrx_word' id='word_1_123' title='bbox 563 1500 662 1566; x_wconf 84' lang='lat' dir='ltr'><strong>milia</strong></span> <span class='ocrx_word' id='word_1_124' title='bbox 683 1502 754 1587; x_wconf 65' lang='lat' dir='ltr'><strong>pro,</strong></span> <span class='ocrx_word' id='word_1_125' title='bbox 772 1501 890 1569; x_wconf 77' lang='lat' dir='ltr'><strong>millio</strong></span> <span class='ocrx_word' id='word_1_126' title='bbox 909 1515 942 1568; x_wconf 90' lang='lat' dir='ltr'><strong>et</strong></span> <span class='ocrx_word' id='word_1_127' title='bbox 962 1503 1038 1565; x_wconf 85' lang='lat' dir='ltr'><strong>alia.</strong></span> <span class='ocrx_word' id='word_1_128' title='bbox 1161 1524 1169 1555; x_wconf 71' lang='lat' dir='ltr'><strong>t</strong></span> 
     </span>
     <span class='ocr_line' id='line_1_15' title="bbox 281 1586 1245 1674; baseline -0.001 -20"><span class='ocrx_word' id='word_1_129' title='bbox 281 1587 418 1660; x_wconf 87' lang='lat' dir='ltr'><strong>Omnes·</strong></span> <span class='ocrx_word' id='word_1_130' title='bbox 439 1587 515 1654; x_wconf 87' lang='lat' dir='ltr'><strong>illas</strong></span> <span class='ocrx_word' id='word_1_131' title='bbox 545 1586 793 1674; x_wconf 86' lang='lat' dir='ltr'><strong>nonnullasque</strong></span> <span class='ocrx_word' id='word_1_132' title='bbox 824 1588 906 1652; x_wconf 88' lang='lat' dir='ltr'><strong>alias</strong></span> <span class='ocrx_word' id='word_1_133' title='bbox 935 1587 1142 1674; x_wconf 80' lang='lat' dir='ltr'><strong>corruptelas</strong></span> <span class='ocrx_word' id='word_1_134' title='bbox 1167 1608 1245 1653; x_wconf 89' lang='lat' dir='ltr'><strong>cum</strong></span> 
     </span>
     <span class='ocr_line' id='line_1_16' title="bbox 108 1673 1287 1776; baseline -0.003 -33"><span class='ocrx_word' id='word_1_135' title='bbox 108 1754 112 1761; x_wconf 63' lang='lat'>„</span> <span class='ocrx_word' id='word_1_136' title='bbox 193 1675 230 1744; x_wconf 89' lang='lat' dir='ltr'><strong>in</strong></span> <span class='ocrx_word' id='word_1_137' title='bbox 253 1687 399 1776; x_wconf 87' lang='lat' dir='ltr'><strong>septem,</strong></span> <span class='ocrx_word' id='word_1_138' title='bbox 423 1694 510 1760; x_wconf 86' lang='lat' dir='ltr'><strong>quae</strong></span> <span class='ocrx_word' id='word_1_139' title='bbox 528 1685 733 1759; x_wconf 86' lang='lat' dir='ltr'><strong>sequuntur,</strong></span> <span class='ocrx_word' id='word_1_140' title='bbox 757 1674 983 1753; x_wconf 89' lang='lat' dir='ltr'><strong>orationibus,</strong></span> <span class='ocrx_word' id='word_1_141' title='bbox 1001 1673 1117 1764; x_wconf 79' lang='lat' dir='ltr'><em>pridie</em></span> <span class='ocrx_word' id='word_1_142' title='bbox 1139 1696 1248 1761; x_wconf 84' lang='lat' dir='ltr'><strong>quom</strong></span> <span class='ocrx_word' id='word_1_143' title='bbox 1285 1735 1287 1740; x_wconf 89' lang='lat'>.</span> 
     </span>
     <span class='ocr_line' id='line_1_17' title="bbox 174 1758 1252 1850; baseline -0.004 -20"><span class='ocrx_word' id='word_1_144' title='bbox 174 1783 177 1787; x_wconf 80' lang='grc'><em>’</em></span> <span class='ocrx_word' id='word_1_145' title='bbox 206 1775 259 1830; x_wconf 84' lang='lat' dir='ltr'><strong>ret</strong></span> <span class='ocrx_word' id='word_1_146' title='bbox 282 1786 319 1826; x_wconf 83' lang='lat' dir='ltr'><strong>ta</strong></span> <span class='ocrx_word' id='word_1_147' title='bbox 339 1759 495 1831; x_wconf 72' lang='lat' dir='ltr'><strong>exilium,</strong></span> <span class='ocrx_word' id='word_1_148' title='bbox 512 1771 594 1845; x_wconf 80' lang='lat' dir='ltr'><strong>post</strong></span> <span class='ocrx_word' id='word_1_149' title='bbox 618 1758 770 1825; x_wconf 81' lang='lat' dir='ltr'><strong>reditum</strong></span> <span class='ocrx_word' id='word_1_150' title='bbox 788 1759 826 1824; x_wconf 82' lang='lat' dir='ltr'><strong>in</strong></span> <span class='ocrx_word' id='word_1_151' title='bbox 839 1760 979 1840; x_wconf 78' lang='lat' dir='ltr'><strong>Senatu,</strong></span> <span class='ocrx_word' id='word_1_152' title='bbox 991 1772 1072 1850; x_wconf 85' lang='lat' dir='ltr'><strong>post</strong></span> <span class='ocrx_word' id='word_1_153' title='bbox 1093 1761 1252 1827; x_wconf 73' lang='lat' dir='ltr'><strong>reditum·</strong></span> 
     </span>
     <span class='ocr_line' id='line_1_18' title="bbox 193 1844 1272 1935; baseline -0.006 -18"><span class='ocrx_word' id='word_1_154' title='bbox 193 1851 243 1917; x_wconf 84' lang='lat' dir='ltr'><strong>od</strong></span> <span class='ocrx_word' id='word_1_155' title='bbox 266 1846 432 1930; x_wconf 79' lang='lat' dir='ltr'><strong>Quirites,</strong></span> <span class='ocrx_word' id='word_1_156' title='bbox 456 1846 498 1909; x_wconf 86' lang='lat' dir='ltr'><strong>de</strong></span> <span class='ocrx_word' id='word_1_157' title='bbox 513 1845 704 1932; x_wconf 82' lang='lat' dir='ltr'><strong>proviaciis</strong></span> <span class='ocrx_word' id='word_1_158' title='bbox 725 1846 975 1928; x_wconf 82' lang='lat' dir='ltr'><strong>consularibus,</strong></span> <span class='ocrx_word' id='word_1_159' title='bbox 997 1850 1040 1913; x_wconf 80' lang='lat' dir='ltr'><strong>cle</strong></span> <span class='ocrx_word' id='word_1_160' title='bbox 1064 1844 1272 1935; x_wconf 47' lang='lat' dir='ltr'><strong>Harena·</strong></span> 
     </span>
     <span class='ocr_line' id='line_1_19' title="bbox 174 1927 1312 2030; baseline -0.003 -29"><span class='ocrx_word' id='word_1_161' title='bbox 174 1935 273 2002; x_wconf 85' lang='lat' dir='ltr'><strong>&#39;cnm</strong></span> <span class='ocrx_word' id='word_1_162' title='bbox 295 1931 474 2021; x_wconf 83' lang='lat' dir='ltr'><strong>responsis,</strong></span> <span class='ocrx_word' id='word_1_163' title='bbox 487 1950 555 2030; x_wconf 80' lang='lat' dir='ltr'><strong>pro</strong></span> <span class='ocrx_word' id='word_1_164' title='bbox 574 1929 619 2015; x_wconf 92' lang='lat' dir='ltr'><strong>L.</strong></span> <span class='ocrx_word' id='word_1_165' title='bbox 644 1937 743 1999; x_wconf 83' lang='lat' dir='ltr'><strong>Corn.</strong></span> <span class='ocrx_word' id='word_1_166' title='bbox 765 1931 884 2007; x_wconf 79' lang='lat' dir='ltr'><strong>Batto,</strong></span> <span class='ocrx_word' id='word_1_167' title='bbox 911 1945 949 1999; x_wconf 73' lang='grc' dir='ltr'><strong>ει·</strong></span> <span class='ocrx_word' id='word_1_168' title='bbox 960 1927 1099 2022; x_wconf 71' lang='lat' dir='ltr'><strong>pro&#39;M.</strong></span> <span class='ocrx_word' id='word_1_169' title='bbox 1123 1933 1249 2015; x_wconf 82' lang='lat' dir='ltr'><strong>Coelio,</strong></span> <span class='ocrx_word' id='word_1_170' title='bbox 1303 2001 1312 2022; x_wconf 45' lang='grc' dir='ltr'><em>Ι</em></span> 
     </span>
     <span class='ocr_line' id='line_1_20' title="bbox 77 2012 1247 2108; baseline -0.003 -20"><span class='ocrx_word' id='word_1_171' title='bbox 77 2070 84 2093; x_wconf 55' lang='lat' dir='ltr'>s</span> <span class='ocrx_word' id='word_1_172' title='bbox 193 2012 356 2088; x_wconf 78' lang='lat' dir='ltr'><strong>admissas</strong></span> <span class='ocrx_word' id='word_1_173' title='bbox 384 2012 613 2104; x_wconf 66' lang='lat' dir='ltr'><strong>riperramus,</strong></span> <span class='ocrx_word' id='word_1_174' title='bbox 659 2018 781 2084; x_wconf 87' lang='lat' dir='ltr'><strong>deinde</strong></span> <span class='ocrx_word' id='word_1_175' title='bbox 815 2043 899 2086; x_wconf 83' lang='lat' dir='ltr'><strong>vero</strong></span> <span class='ocrx_word' id='word_1_176' title='bbox 931 2017 969 2086; x_wconf 87' lang='lat' dir='ltr'><strong>in</strong></span> <span class='ocrx_word' id='word_1_177' title='bbox 1001 2023 1150 2087; x_wconf 88' lang='lat' dir='ltr'><strong>oratione</strong></span> <span class='ocrx_word' id='word_1_178' title='bbox 1176 2044 1247 2108; x_wconf 84' lang='lat' dir='ltr'><strong>pro</strong></span> 
     </span>
     <span class='ocr_line' id='line_1_21' title="bbox 83 2104 1246 2194; baseline -0.002 -22"><span class='ocrx_word' id='word_1_179' title='bbox 83 2134 93 2144; x_wconf 88' lang='lat'><strong>·</strong></span> <span class='ocrx_word' id='word_1_180' title='bbox 193 2104 328 2175; x_wconf 78' lang='lat' dir='ltr'><strong>Arellio</strong></span> <span class='ocrx_word' id='word_1_181' title='bbox 347 2116 462 2192; x_wconf 85' lang='lat' dir='ltr'><strong>poeta,</strong></span> <span class='ocrx_word' id='word_1_182' title='bbox 484 2106 978 2194; x_wconf 74' lang='lat' dir='ltr'><strong>qnae&#39;Coelianamseqnitur,</strong></span> <span class='ocrx_word' id='word_1_183' title='bbox 1000 2116 1043 2173; x_wconf 85' lang='lat' dir='ltr'><strong>ne</strong></span> <span class='ocrx_word' id='word_1_184' title='bbox 1065 2106 1246 2190; x_wconf 71' lang='lat' dir='ltr'><strong>reitigium</strong></span> 
     </span>
     <span class='ocr_line' id='line_1_22' title="bbox 193 2188 1292 2282; baseline -0.004 -24"><span class='ocrx_word' id='word_1_185' title='bbox 193 2193 332 2282; x_wconf 87' lang='lat' dir='ltr'><strong>quidem</strong></span> <span class='ocrx_word' id='word_1_186' title='bbox 349 2189 509 2256; x_wconf 85' lang='lat' dir='ltr'>similium</span> <span class='ocrx_word' id='word_1_187' title='bbox 527 2188 796 2278; x_wconf 60' lang='lat' dir='ltr'><strong>corruptelarum</strong></span> <span class='ocrx_word' id='word_1_188' title='bbox 811 2194 1041 2280; x_wconf 74' lang='lat' dir='ltr'><strong>conspiciatur,</strong></span> <span class='ocrx_word' id='word_1_189' title='bbox 1064 2214 1138 2256; x_wconf 87' lang='lat' dir='ltr'><strong>mea</strong></span> <span class='ocrx_word' id='word_1_190' title='bbox 1159 2191 1243 2255; x_wconf 60' lang='lat' dir='ltr'><strong>senl·</strong></span> <span class='ocrx_word' id='word_1_191' title='bbox 1285 2189 1292 2197; x_wconf 85' lang='lat'>&#39;</span> 
     </span>
     <span class='ocr_line' id='line_1_23' title="bbox 192 2274 1242 2367; baseline -0.006 -21"><span class='ocrx_word' id='word_1_192' title='bbox 192 2280 388 2359; x_wconf 80' lang='lat' dir='ltr'><strong>tentianon</strong></span> <span class='ocrx_word' id='word_1_193' title='bbox 409 2289 520 2366; x_wconf 87' lang='lat' dir='ltr'><strong>potest</strong></span> <span class='ocrx_word' id='word_1_194' title='bbox 541 2276 706 2358; x_wconf 86' lang='lat' dir='ltr'><strong>dubitari,</strong></span> <span class='ocrx_word' id='word_1_195' title='bbox 730 2278 811 2367; x_wconf 91' lang='lat' dir='ltr'><strong>quin</strong></span> <span class='ocrx_word' id='word_1_196' title='bbox 833 2291 907 2344; x_wconf 91' lang='lat' dir='ltr'><strong>octo</strong></span> <span class='ocrx_word' id='word_1_197' title='bbox 930 2282 993 2346; x_wconf 88' lang='lat' dir='ltr'><strong>hae</strong></span> <span class='ocrx_word' id='word_1_198' title='bbox 1015 2279 1182 2344; x_wconf 78' lang='lat' dir='ltr'><strong>orationes</strong></span> <span class='ocrx_word' id='word_1_199' title='bbox 1202 2274 1242 2340; x_wconf 85' lang='lat' dir='ltr'><strong>in</strong></span> 
     </span>
     <span class='ocr_line' id='line_1_24' title="bbox 192 2361 1244 2453; baseline -0.003 -20"><span class='ocrx_word' id='word_1_200' title='bbox 192 2367 330 2451; x_wconf 80' lang='lat' dir='ltr'><strong>atttiquo</strong></span> <span class='ocrx_word' id='word_1_201' title='bbox 361 2366 558 2431; x_wconf 77' lang='lat' dir='ltr'><strong>coniunctae</strong></span> <span class='ocrx_word' id='word_1_202' title='bbox 590 2362 714 2430; x_wconf 84' lang='lat' dir='ltr'><strong>luerint</strong></span> <span class='ocrx_word' id='word_1_203' title='bbox 742 2367 987 2453; x_wconf 54' lang='lat' dir='ltr'><strong>exemplaris*</strong></span> <span class='ocrx_word' id='word_1_204' title='bbox 1016 2387 1060 2429; x_wconf 91' lang='lat' dir='ltr'><strong>uo</strong></span> <span class='ocrx_word' id='word_1_205' title='bbox 1090 2386 1169 2428; x_wconf 88' lang='lat' dir='ltr'><strong>usus</strong></span> <span class='ocrx_word' id='word_1_206' title='bbox 1198 2361 1244 2430; x_wconf 86' lang='lat' dir='ltr'><strong>sit</strong></span> 
     </span>
     <span class='ocr_line' id='line_1_25' title="bbox 191 2389 1242 2540; baseline -0.004 -22"><span class='ocrx_word' id='word_1_207' title='bbox 191 2467 310 2521; x_wconf 78' lang='lat' dir='ltr'><strong>auctor</strong></span> <span class='ocrx_word' id='word_1_208' title='bbox 332 2450 454 2517; x_wconf 88' lang='lat' dir='ltr'><strong>codicis</strong></span> <span class='ocrx_word' id='word_1_209' title='bbox 475 2448 700 2529; x_wconf 81' lang='lat' dir='ltr'><strong>Erfurtensis,</strong></span> <span class='ocrx_word' id='word_1_210' title='bbox 720 2452 776 2516; x_wconf 85' lang='lat' dir='ltr'><strong>vel</strong></span> <span class='ocrx_word' id='word_1_211' title='bbox 799 2452 842 2528; x_wconf 88' lang='lat' dir='ltr'><strong>is,</strong></span> <span class='ocrx_word' id='word_1_212' title='bbox 864 2455 925 2540; x_wconf 87' lang='lat' dir='ltr'><strong>qui</strong></span> <span class='ocrx_word' id='word_1_213' title='bbox 946 2389 1095 2517; x_wconf 83' lang='lat' dir='ltr'><strong>codicem</strong></span> <span class='ocrx_word' id='word_1_214' title='bbox 1117 2470 1242 2515; x_wconf 81' lang='lat' dir='ltr'><strong>exara·</strong></span> 
     </span>
     <span class='ocr_line' id='line_1_26' title="bbox 191 2534 1245 2625; baseline -0.008 -17"><span class='ocrx_word' id='word_1_215' title='bbox 191 2539 255 2621; x_wconf 79' lang='lat' dir='ltr'><strong>rit,</strong></span> <span class='ocrx_word' id='word_1_216' title='bbox 285 2561 388 2625; x_wconf 86' lang='lat' dir='ltr'><strong>quem</strong></span> <span class='ocrx_word' id='word_1_217' title='bbox 410 2536 572 2603; x_wconf 81' lang='lat' dir='ltr'><strong>librarius</strong></span> <span class='ocrx_word' id='word_1_218' title='bbox 585 2534 667 2604; x_wconf 82' lang='lat' dir='ltr'><strong>Erf.</strong></span> <span class='ocrx_word' id='word_1_219' title='bbox 690 2535 874 2625; x_wconf 83' lang='lat' dir='ltr'><strong>descripsit.</strong></span> <span class='ocrx_word' id='word_1_220' title='bbox 920 2539 1110 2625; x_wconf 75' lang='lat' dir='ltr'><strong>Antiquam</strong></span> <span class='ocrx_word' id='word_1_221' title='bbox 1130 2547 1245 2601; x_wconf 87' lang='lat' dir='ltr'><strong>autem</strong></span> 
     </span>
     <span class='ocr_line' id='line_1_27' title="bbox 189 2623 1262 2711; baseline -0.008 -16"><span class='ocrx_word' id='word_1_222' title='bbox 189 2624 276 2695; x_wconf 86' lang='lat' dir='ltr'><strong>illud</strong></span> <span class='ocrx_word' id='word_1_223' title='bbox 300 2624 489 2711; x_wconf 78' lang='lat' dir='ltr'><strong>exemplar,</strong></span> <span class='ocrx_word' id='word_1_224' title='bbox 511 2646 577 2711; x_wconf 91' lang='lat' dir='ltr'><strong>quo</strong></span> <span class='ocrx_word' id='word_1_225' title='bbox 599 2645 700 2688; x_wconf 90' lang='lat' dir='ltr'><strong>usum</strong></span> <span class='ocrx_word' id='word_1_226' title='bbox 721 2638 894 2691; x_wconf 83' lang='lat' dir='ltr'><strong>auctorem</strong></span> <span class='ocrx_word' id='word_1_227' title='bbox 917 2623 1038 2692; x_wconf 82' lang='lat' dir='ltr'><strong>codicis</strong></span> <span class='ocrx_word' id='word_1_228' title='bbox 1058 2623 1262 2691; x_wconf 57' lang='lat' dir='ltr'><strong>Erfurtena.</strong></span> 
     </span>
     <span class='ocr_line' id='line_1_28' title="bbox 138 2708 1246 2801; baseline -0.004 -24"><span class='ocrx_word' id='word_1_229' title='bbox 138 2772 141 2777; x_wconf 91' lang='lat'>.</span> <span class='ocrx_word' id='word_1_230' title='bbox 192 2715 239 2780; x_wconf 85' lang='lat' dir='ltr'><strong>sis</strong></span> <span class='ocrx_word' id='word_1_231' title='bbox 260 2736 333 2777; x_wconf 81' lang='lat' dir='ltr'><strong>esse</strong></span> <span class='ocrx_word' id='word_1_232' title='bbox 354 2709 442 2792; x_wconf 86' lang='lat' dir='ltr'><strong>dixi,</strong></span> <span class='ocrx_word' id='word_1_233' title='bbox 477 2721 570 2795; x_wconf 85' lang='lat' dir='ltr'><strong>certo</strong></span> <span class='ocrx_word' id='word_1_234' title='bbox 591 2721 703 2797; x_wconf 83' lang='lat' dir='ltr'><strong>potest</strong></span> <span class='ocrx_word' id='word_1_235' title='bbox 731 2710 958 2777; x_wconf 85' lang='lat' dir='ltr'><strong>demonstrari</strong></span> <span class='ocrx_word' id='word_1_236' title='bbox 977 2711 1128 2801; x_wconf 78' lang='lat' dir='ltr'><strong>primum</strong></span> <span class='ocrx_word' id='word_1_237' title='bbox 1151 2708 1246 2774; x_wconf 85' lang='lat' dir='ltr'><strong>eius-</strong></span> 
     </span>
     <span class='ocr_line' id='line_1_29' title="bbox 190 2796 1249 2883; baseline -0.001 -21"><span class='ocrx_word' id='word_1_238' title='bbox 190 2796 287 2875; x_wconf 80' lang='lat' dir='ltr'><strong>modi</strong></span> <span class='ocrx_word' id='word_1_239' title='bbox 308 2796 412 2863; x_wconf 87' lang='lat' dir='ltr'><strong>fuisse</strong></span> <span class='ocrx_word' id='word_1_240' title='bbox 431 2796 595 2883; x_wconf 88' lang='lat' dir='ltr'><strong>scriptum</strong></span> <span class='ocrx_word' id='word_1_241' title='bbox 606 2796 827 2882; x_wconf 85' lang='lat' dir='ltr'><strong>compendiis,</strong></span> <span class='ocrx_word' id='word_1_242' title='bbox 847 2820 933 2883; x_wconf 86' lang='lat' dir='ltr'><strong>quae</strong></span> <span class='ocrx_word' id='word_1_243' title='bbox 947 2798 1119 2870; x_wconf 83' lang='lat' dir='ltr'><strong>intellectu</strong></span> <span class='ocrx_word' id='word_1_244' title='bbox 1135 2808 1249 2867; x_wconf 79' lang='lat' dir='ltr'><strong>essent</strong></span> 
     </span>
     <span class='ocr_line' id='line_1_30' title="bbox 192 2882 1246 2967; baseline -0.006 -13"><span class='ocrx_word' id='word_1_245' title='bbox 192 2884 402 2962; x_wconf 85' lang='lat' dir='ltr'><strong>difficillima,</strong></span> <span class='ocrx_word' id='word_1_246' title='bbox 425 2882 549 2948; x_wconf 85' lang='lat' dir='ltr'><strong>deinde</strong></span> <span class='ocrx_word' id='word_1_247' title='bbox 563 2882 677 2960; x_wconf 86' lang='lat' dir='ltr'><strong>etiam,</strong></span> <span class='ocrx_word' id='word_1_248' title='bbox 700 2902 780 2946; x_wconf 89' lang='lat' dir='ltr'><strong>cum</strong></span> <span class='ocrx_word' id='word_1_249' title='bbox 794 2883 1050 2967; x_wconf 80' lang='lat' dir='ltr'><strong>describeretur,</strong></span> <span class='ocrx_word' id='word_1_250' title='bbox 1071 2885 1118 2950; x_wconf 80' lang='lat' dir='ltr'><strong>ita</strong></span> <span class='ocrx_word' id='word_1_251' title='bbox 1139 2882 1246 2948; x_wconf 86' lang='lat' dir='ltr'><strong>fuisse</strong></span> 
     </span>
     <span class='ocr_line' id='line_1_31' title="bbox 192 2964 1265 3059; baseline -0.005 -22"><span class='ocrx_word' id='word_1_252' title='bbox 192 2964 446 3058; x_wconf 77' lang='lat' dir='ltr'><strong>comparitum,</strong></span> <span class='ocrx_word' id='word_1_253' title='bbox 483 2979 520 3033; x_wconf 92' lang='lat' dir='ltr'><strong>ut</strong></span> <span class='ocrx_word' id='word_1_254' title='bbox 544 2966 704 3031; x_wconf 85' lang='lat' dir='ltr'><strong>evanidae</strong></span> <span class='ocrx_word' id='word_1_255' title='bbox 726 2969 795 3033; x_wconf 88' lang='lat' dir='ltr'><strong>iam</strong></span> <span class='ocrx_word' id='word_1_256' title='bbox 818 2965 1083 3037; x_wconf 76' lang='lat' dir='ltr'><strong>essent&#39;litterae</strong></span> <span class='ocrx_word' id='word_1_257' title='bbox 1104 2970 1265 3059; x_wconf 79' lang='lat' dir='ltr'><strong>ipsaque·</strong></span> 
     </span>
     <span class='ocr_line' id='line_1_32' title="bbox 92 3052 1257 3144; baseline -0.01 -17"><span class='ocrx_word' id='word_1_258' title='bbox 92 3099 95 3103; x_wconf 96' lang='lat'>·</span> <span class='ocrx_word' id='word_1_259' title='bbox 190 3055 360 3127; x_wconf 78' lang='lat' dir='ltr'><strong>scribendi</strong></span> <span class='ocrx_word' id='word_1_260' title='bbox 387 3053 447 3118; x_wconf 83' lang='lat' dir='ltr'><strong>illo</strong></span> <span class='ocrx_word' id='word_1_261' title='bbox 474 3052 684 3140; x_wconf 88' lang='lat' dir='ltr'><strong>compendia.</strong></span> <span class='ocrx_word' id='word_1_262' title='bbox 725 3056 795 3123; x_wconf 90' lang='lat' dir='ltr'><strong>Iam</strong></span> <span class='ocrx_word' id='word_1_263' title='bbox 819 3055 877 3142; x_wconf 87' lang='lat' dir='ltr'><strong>qui</strong></span> <span class='ocrx_word' id='word_1_264' title='bbox 900 3057 1091 3144; x_wconf 82' lang='lat' dir='ltr'><strong>descripsit,</strong></span> <span class='ocrx_word' id='word_1_265' title='bbox 1126 3068 1257 3122; x_wconf 80' lang='lat' dir='ltr'><strong>auctor.</strong></span> 
     </span>
     <span class='ocr_line' id='line_1_33' title="bbox 191 3138 1283 3232; baseline -0.003 -21"><span class='ocrx_word' id='word_1_266' title='bbox 191 3142 314 3211; x_wconf 88' lang='lat' dir='ltr'><strong>codicis</strong></span> <span class='ocrx_word' id='word_1_267' title='bbox 337 3138 563 3221; x_wconf 80' lang='lat' dir='ltr'><strong>Erfurtensis,</strong></span> <span class='ocrx_word' id='word_1_268' title='bbox 593 3140 773 3226; x_wconf 78' lang='lat' dir='ltr'><strong>numquid</strong></span> <span class='ocrx_word' id='word_1_269' title='bbox 795 3141 1023 3229; x_wconf 86' lang='lat' dir='ltr'><strong>significarent</strong></span> <span class='ocrx_word' id='word_1_270' title='bbox 1041 3141 1247 3232; x_wconf 84' lang='lat' dir='ltr'><strong>compendia</strong></span> <span class='ocrx_word' id='word_1_271' title='bbox 1278 3206 1283 3217; x_wconf 87' lang='grc'><em>,</em></span> 
     </span>
     <span class='ocr_line' id='line_1_34' title="bbox 191 3225 1245 3317; baseline 0.004 -26"><span class='ocrx_word' id='word_1_272' title='bbox 191 3252 260 3313; x_wconf 79' lang='lat' dir='ltr'><strong>non</strong></span> <span class='ocrx_word' id='word_1_273' title='bbox 283 3228 360 3292; x_wconf 86' lang='lat' dir='ltr'><strong>satis</strong></span> <span class='ocrx_word' id='word_1_274' title='bbox 381 3225 617 3309; x_wconf 85' lang='lat' dir='ltr'><strong>intellexisset,</strong></span> <span class='ocrx_word' id='word_1_275' title='bbox 654 3249 692 3290; x_wconf 88' lang='lat' dir='ltr'><strong>ac</strong></span> <span class='ocrx_word' id='word_1_276' title='bbox 714 3239 826 3292; x_wconf 84' lang='lat' dir='ltr'><strong>tamen</strong></span> <span class='ocrx_word' id='word_1_277' title='bbox 849 3229 980 3317; x_wconf 85' lang='lat' dir='ltr'><strong>integra</strong></span> <span class='ocrx_word' id='word_1_278' title='bbox 1001 3230 1123 3311; x_wconf 88' lang='lat' dir='ltr'><strong>verba,</strong></span> <span class='ocrx_word' id='word_1_279' title='bbox 1158 3251 1245 3314; x_wconf 82' lang='lat' dir='ltr'><strong>quae</strong></span> 
     </span>
     <span class='ocr_line' id='line_1_35' title="bbox 193 3311 1243 3403; baseline 0.002 -24"><span class='ocrx_word' id='word_1_280' title='bbox 193 3312 403 3403; x_wconf 86' lang='lat' dir='ltr'><strong>compendiis</strong></span> <span class='ocrx_word' id='word_1_281' title='bbox 426 3311 565 3378; x_wconf 86' lang='lat' dir='ltr'><strong>indicari</strong></span> <span class='ocrx_word' id='word_1_282' title='bbox 587 3313 742 3400; x_wconf 85' lang='lat' dir='ltr'><strong>putabat,</strong></span> <span class='ocrx_word' id='word_1_283' title='bbox 768 3337 897 3402; x_wconf 88' lang='lat' dir='ltr'><strong>ponere</strong></span> <span class='ocrx_word' id='word_1_284' title='bbox 919 3338 1019 3402; x_wconf 82' lang='lat' dir='ltr'><strong>quarn</strong></span> <span class='ocrx_word' id='word_1_285' title='bbox 1043 3315 1243 3402; x_wconf 80' lang='lat' dir='ltr'><strong>compendia</strong></span> 
     </span>
     <span class='ocr_line' id='line_1_36' title="bbox 189 3398 1243 3491; baseline -0.004 -21"><span class='ocrx_word' id='word_1_286' title='bbox 189 3401 262 3491; x_wconf 86' lang='lat' dir='ltr'><strong>ipsa</strong></span> <span class='ocrx_word' id='word_1_287' title='bbox 284 3399 464 3488; x_wconf 86' lang='lat' dir='ltr'><strong>depingere</strong></span> <span class='ocrx_word' id='word_1_288' title='bbox 486 3399 667 3484; x_wconf 82' lang='lat' dir='ltr'><strong>maluisset,</strong></span> <span class='ocrx_word' id='word_1_289' title='bbox 685 3398 894 3482; x_wconf 83' lang='lat' dir='ltr'><strong>factumest,</strong></span> <span class='ocrx_word' id='word_1_290' title='bbox 916 3417 1036 3469; x_wconf 91' lang='lat' dir='ltr'><strong>utnon</strong></span> <span class='ocrx_word' id='word_1_291' title='bbox 1052 3426 1130 3466; x_wconf 85' lang='lat' dir='ltr'><strong>raro</strong></span> <span class='ocrx_word' id='word_1_292' title='bbox 1149 3401 1243 3466; x_wconf 91' lang='lat' dir='ltr'><strong>eins-</strong></span> 
     </span>
     <span class='ocr_line' id='line_1_37' title="bbox 190 3483 1243 3574; baseline -0.003 -19"><span class='ocrx_word' id='word_1_293' title='bbox 190 3486 286 3555; x_wconf 88' lang='lat' dir='ltr'><strong>modi</strong></span> <span class='ocrx_word' id='word_1_294' title='bbox 309 3483 479 3573; x_wconf 85' lang='lat' dir='ltr'><strong>scripserit</strong></span> <span class='ocrx_word' id='word_1_295' title='bbox 499 3487 625 3564; x_wconf 77' lang='lat' dir='ltr'><strong>verba,</strong></span> <span class='ocrx_word' id='word_1_296' title='bbox 638 3509 724 3573; x_wconf 87' lang='lat' dir='ltr'><strong>quae</strong></span> <span class='ocrx_word' id='word_1_297' title='bbox 744 3487 844 3573; x_wconf 87' lang='lat' dir='ltr'><strong>longe</strong></span> <span class='ocrx_word' id='word_1_298' title='bbox 864 3509 885 3551; x_wconf 89' lang='lat' dir='ltr'><strong>a</strong></span> <span class='ocrx_word' id='word_1_299' title='bbox 906 3488 1055 3574; x_wconf 82' lang='lat' dir='ltr'><strong>genuina</strong></span> <span class='ocrx_word' id='word_1_300' title='bbox 1071 3486 1243 3553; x_wconf 90' lang='lat' dir='ltr'><strong>Ciceronis</strong></span> 
     </span>
     <span class='ocr_line' id='line_1_38' title="bbox 191 3571 1243 3642; baseline -0.002 0"><span class='ocrx_word' id='word_1_301' title='bbox 191 3571 522 3642; x_wconf 73' lang='lat' dir='ltr'><strong>manurecederent.</strong></span> <span class='ocrx_word' id='word_1_302' title='bbox 547 3572 718 3639; x_wconf 79' lang='lat' dir='ltr'><strong>¹Omnino</strong></span> <span class='ocrx_word' id='word_1_303' title='bbox 738 3585 851 3639; x_wconf 88' lang='lat' dir='ltr'><strong>autem</strong></span> <span class='ocrx_word' id='word_1_304' title='bbox 868 3598 918 3640; x_wconf 86' lang='lat' dir='ltr'><strong>ex</strong></span> <span class='ocrx_word' id='word_1_305' title='bbox 938 3575 1003 3640; x_wconf 83' lang='lat' dir='ltr'><strong>isto</strong></span> <span class='ocrx_word' id='word_1_306' title='bbox 1024 3575 1243 3640; x_wconf 86' lang='lat' dir='ltr'><strong>librariorum</strong></span> 
     </span>
     <span class='ocr_line' id='line_1_39' title="bbox 88 3657 1245 3764; baseline -0.003 -37"><span class='ocrx_word' id='word_1_307' title='bbox 88 3676 92 3684; x_wconf 87' lang='lat'><em>&#39;</em></span> <span class='ocrx_word' id='word_1_308' title='bbox 188 3658 405 3764; x_wconf 86' lang='lat' dir='ltr'><strong>quorundam</strong></span> <span class='ocrx_word' id='word_1_309' title='bbox 429 3657 556 3736; x_wconf 89' lang='lat' dir='ltr'><strong>studio,</strong></span> <span class='ocrx_word' id='word_1_310' title='bbox 598 3681 674 3746; x_wconf 89' lang='lat' dir='ltr'><strong>pro</strong></span> <span class='ocrx_word' id='word_1_311' title='bbox 693 3660 920 3745; x_wconf 85' lang='lat' dir='ltr'><strong>compendiis,</strong></span> <span class='ocrx_word' id='word_1_312' title='bbox 964 3659 1049 3744; x_wconf 84' lang='lat' dir='ltr'><strong>quae</strong></span> <span class='ocrx_word' id='word_1_313' title='bbox 1079 3660 1245 3731; x_wconf 76' lang='lat' dir='ltr'><strong>arentin</strong></span> 
     </span>
     <span class='ocr_line' id='line_1_40' title="bbox 189 3743 1248 3835; baseline -0.003 -22"><span class='ocrx_word' id='word_1_314' title='bbox 189 3746 298 3826; x_wconf 75' lang='lat' dir='ltr'><strong>libris,</strong></span> <span class='ocrx_word' id='word_1_315' title='bbox 319 3769 402 3832; x_wconf 91' lang='lat' dir='ltr'><strong>quos</strong></span> <span class='ocrx_word' id='word_1_316' title='bbox 425 3743 671 3818; x_wconf 84' lang='lat' dir='ltr'><strong>describebant,</strong></span> <span class='ocrx_word' id='word_1_317' title='bbox 698 3747 828 3831; x_wconf 84' lang='lat' dir='ltr'><strong>integra</strong></span> <span class='ocrx_word' id='word_1_318' title='bbox 848 3747 999 3834; x_wconf 89' lang='lat' dir='ltr'><strong>ponendi</strong></span> <span class='ocrx_word' id='word_1_319' title='bbox 1019 3747 1140 3827; x_wconf 88' lang='lat' dir='ltr'><strong>verba,</strong></span> <span class='ocrx_word' id='word_1_320' title='bbox 1161 3767 1248 3835; x_wconf 46' lang='lat' dir='ltr'><strong>gras</strong></span> 
     </span>
     <span class='ocr_line' id='line_1_41' title="bbox 188 3832 1244 3919; baseline -0.006 -18"><span class='ocrx_word' id='word_1_321' title='bbox 188 3833 346 3901; x_wconf 74' lang='lat' dir='ltr'><strong>vissintm</strong></span> <span class='ocrx_word' id='word_1_322' title='bbox 361 3853 474 3919; x_wconf 67' lang='lat' dir='ltr'><strong>⁴saepe</strong></span> <span class='ocrx_word' id='word_1_323' title='bbox 499 3832 707 3919; x_wconf 87' lang='lat' dir='ltr'><strong>corruptelas</strong></span> <span class='ocrx_word' id='word_1_324' title='bbox 728 3845 817 3897; x_wconf 88' lang='lat' dir='ltr'><strong>ortas</strong></span> <span class='ocrx_word' id='word_1_325' title='bbox 840 3844 873 3898; x_wconf 91' lang='lat' dir='ltr'><strong>et</strong></span> <span class='ocrx_word' id='word_1_326' title='bbox 900 3834 944 3897; x_wconf 88' lang='lat' dir='ltr'><strong>ad</strong></span> <span class='ocrx_word' id='word_1_327' title='bbox 965 3845 1114 3899; x_wconf 85' lang='lat' dir='ltr'><strong>nostram</strong></span> <span class='ocrx_word' id='word_1_328' title='bbox 1135 3854 1244 3918; x_wconf 87' lang='lat' dir='ltr'><strong>usque</strong></span> 
     </span>
     <span class='ocr_line' id='line_1_42' title="bbox 188 3920 1243 4006; baseline 0 -21"><span class='ocrx_word' id='word_1_329' title='bbox 188 3930 334 3987; x_wconf 84' lang='lat' dir='ltr'><strong>aetatem</strong></span> <span class='ocrx_word' id='word_1_330' title='bbox 353 3939 601 4004; x_wconf 89' lang='lat' dir='ltr'><strong>nonnunquam</strong></span> <span class='ocrx_word' id='word_1_331' title='bbox 624 3929 822 4006; x_wconf 84' lang='lat' dir='ltr'><strong>propagatas</strong></span> <span class='ocrx_word' id='word_1_332' title='bbox 842 3921 968 4001; x_wconf 83' lang='lat' dir='ltr'><strong>iudico.</strong></span> <span class='ocrx_word' id='word_1_333' title='bbox 1005 3921 1089 3985; x_wconf 85' lang='lat' dir='ltr'><strong>Inde</strong></span> <span class='ocrx_word' id='word_1_334' title='bbox 1109 3920 1243 3985; x_wconf 83' lang='lat' dir='ltr'><strong>factum</strong></span> 
     </span>
     <span class='ocr_line' id='line_1_43' title="bbox 169 4003 1275 4093; baseline -0.005 -18"><span class='ocrx_word' id='word_1_335' title='bbox 169 4004 294 4079; x_wconf 77' lang='lat' dir='ltr'><strong>.ctiam</strong></span> <span class='ocrx_word' id='word_1_336' title='bbox 316 4015 379 4080; x_wconf 85' lang='lat' dir='ltr'><strong>eet,</strong></span> <span class='ocrx_word' id='word_1_337' title='bbox 399 4015 437 4069; x_wconf 91' lang='lat' dir='ltr'><strong>ut</strong></span> <span class='ocrx_word' id='word_1_338' title='bbox 458 4026 569 4091; x_wconf 88' lang='lat' dir='ltr'><strong>saepe,</strong></span> <span class='ocrx_word' id='word_1_339' title='bbox 593 4003 652 4089; x_wconf 89' lang='lat' dir='ltr'><strong>qui</strong></span> <span class='ocrx_word' id='word_1_340' title='bbox 676 4020 811 4070; x_wconf 84' lang='lat' dir='ltr'><strong>ex&#39;uno</strong></span> <span class='ocrx_word' id='word_1_341' title='bbox 834 4006 1022 4093; x_wconf 86' lang='lat' dir='ltr'><strong>eodemque</strong></span> <span class='ocrx_word' id='word_1_342' title='bbox 1037 4004 1242 4072; x_wconf 79' lang='lat' dir='ltr'><strong>fonteflux-</strong></span> <span class='ocrx_word' id='word_1_343' title='bbox 1272 4076 1275 4083; x_wconf 59' lang='grc'>,</span> 
     </span>
     <span class='ocr_line' id='line_1_44' title="bbox 187 4090 1242 4178; baseline -0.001 -21"><span class='ocrx_word' id='word_1_344' title='bbox 187 4090 448 4171; x_wconf 73' lang='lat' dir='ltr'><strong>eruotcodices,</strong></span> <span class='ocrx_word' id='word_1_345' title='bbox 468 4091 596 4155; x_wconf 88' lang='lat' dir='ltr'><strong>mirum</strong></span> <span class='ocrx_word' id='word_1_346' title='bbox 613 4102 774 4178; x_wconf 86' lang='lat' dir='ltr'><strong>quantum</strong></span> <span class='ocrx_word' id='word_1_347' title='bbox 793 4114 864 4156; x_wconf 84' lang='lat' dir='ltr'><strong>ase</strong></span> <span class='ocrx_word' id='word_1_348' title='bbox 875 4092 1089 4167; x_wconf 83' lang='lat' dir='ltr'><strong>dissentiant.</strong></span> <span class='ocrx_word' id='word_1_349' title='bbox 1120 4093 1242 4178; x_wconf 82' lang='lat' dir='ltr'><strong>Longe</strong></span> 
     </span>
     <span class='ocr_line' id='line_1_45' title="bbox 174 4172 1242 4268; baseline 0 -23"><span class='ocrx_word' id='word_1_350' title='bbox 174 4177 278 4267; x_wconf 25' lang='lat' dir='ltr'><strong>&#39;enim</strong></span> <span class='ocrx_word' id='word_1_351' title='bbox 308 4176 379 4247; x_wconf 81' lang='lat' dir='ltr'><strong>alia</strong></span> <span class='ocrx_word' id='word_1_352' title='bbox 402 4172 608 4243; x_wconf 71' lang='lat' dir='ltr'><strong>describebat</strong></span> <span class='ocrx_word' id='word_1_353' title='bbox 637 4177 664 4249; x_wconf 90' lang='lat' dir='ltr'><strong>is</strong></span> <span class='ocrx_word' id='word_1_354' title='bbox 671 4200 701 4255; x_wconf 65' lang='lat' dir='ltr'><strong>,t</strong></span> <span class='ocrx_word' id='word_1_355' title='bbox 726 4177 785 4265; x_wconf 90' lang='lat' dir='ltr'><strong>qui</strong></span> <span class='ocrx_word' id='word_1_356' title='bbox 809 4179 1086 4268; x_wconf 87' lang='lat' dir='ltr'><strong>compendiorum</strong></span> <span class='ocrx_word' id='word_1_357' title='bbox 1114 4180 1242 4268; x_wconf 81' lang='lat' dir='ltr'><strong>peritus</strong></span> 
     </span>
     <span class='ocr_line' id='line_1_46' title="bbox 184 4263 1257 4359; baseline 0.003 -31"><span class='ocrx_word' id='word_1_358' title='bbox 184 4275 271 4335; x_wconf 83' lang='lat' dir='ltr'><strong>erat,</strong></span> <span class='ocrx_word' id='word_1_359' title='bbox 293 4267 394 4350; x_wconf 85' lang='lat' dir='ltr'><strong>quain</strong></span> <span class='ocrx_word' id='word_1_360' title='bbox 416 4263 474 4349; x_wconf 93' lang='lat' dir='ltr'><strong>qui</strong></span> <span class='ocrx_word' id='word_1_361' title='bbox 495 4263 687 4357; x_wconf 79' lang='lat' dir='ltr'><strong>litterarum</strong></span> <span class='ocrx_word' id='word_1_362' title='bbox 709 4263 889 4359; x_wconf 81' lang='lat' dir='ltr'><strong>latinarum</strong></span> <span class='ocrx_word' id='word_1_363' title='bbox 910 4278 1042 4351; x_wconf 82' lang='lat' dir='ltr'><strong>tantum</strong></span> <span class='ocrx_word' id='word_1_364' title='bbox 1064 4266 1257 4353; x_wconf 50' lang='lat' dir='ltr'><strong>scientiam⁸</strong></span> 
     </span>
    </p>
   </div>
   <div class='ocr_carea' id='block_1_3' title="bbox 1120 4568 1216 4627">
    <p class='ocr_par' dir='ltr' id='par_1_4' title="bbox 1120 4568 1216 4627">
     <span class='ocr_line' id='line_1_47' title="bbox 1120 4568 1216 4607; baseline 0 -14"><span class='ocrx_word' id='word_1_365' title='bbox 1120 4598 1126 4607; x_wconf 34' lang='lat' dir='ltr'>x</span> <span class='ocrx_word' id='word_1_366' title='bbox 1208 4568 1216 4593; x_wconf 74' lang='lat' dir='ltr'><strong>t</strong></span> 
     </span>
     <span class='ocr_line' id='line_1_48' title="bbox 1123 4615 1129 4627; baseline 0 0"><span class='ocrx_word' id='word_1_367' title='bbox 1123 4615 1129 4627; x_wconf 72' lang='lat' dir='ltr'><em>a</em></span> 
     </span>
    </p>
   </div>
   <div class='ocr_carea' id='block_1_4' title="bbox 0 0 1322 4748">
    <p class='ocr_par' dir='ltr' id='par_1_5' title="bbox 0 0 1322 4748">
     <span class='ocr_line' id='line_1_49' title="bbox 0 0 1322 4748; baseline 0 2"><span class='ocrx_word' id='word_1_368' title='bbox 0 0 1322 4748; x_wconf 95' lang='lat' dir='ltr'><strong> </strong></span> 
     </span>
    </p>
   </div>
  </div>
 </body>
</html>
