2634 4748
82 2480 85 2487 ¹
195 2451 280 2524 base
300 2467 335 2521 ot

106 267 114 275 ’
179 306 325 380 oxxxu

260 468 447 546 ¹Corsslmllt'
468 469 600 556 impetu
621 470 742 541 mortio
764 471 802 542 O.
824 469 979 542 Licinius
1006 473 1146 557 Macer,
1180 473 1243 541 alr

181 558 396 648 praetorius,
436 555 538 624 Calvi
555 567 675 644 pater,
716 557 992 658 repetundarum
1011 582 1108 644 reue,
1150 559 1244 629 dum

185 643 376 717 'tententiae
397 640 712 726 diriter-eatur,
740 666 778 709 m
809 645 1010 714 monianum
1030 647 1239 717 conscendit.

272 729 448 796 Ausonius
465 729 509 795 ad
519 729 616 796 Grat.
634 729 723 820 Imp.
737 729 833 819 Grat.
850 731 929 801 Act.
943 755 976 821 p.
988 739 1064 820 705.
1077 731 1130 798 ed.
1143 732 1239 807 Toll,

276 813 404 885 Consul
431 836 513 903 ego,
554 821 749 904 Imperator
770 820 952 906 Augusto,
994 841 1137 888 munero
1166 831 1242 910 tuq·

186 915 254 975 non
299 923 399 968 assus
420 913 536 992 septa,
566 924 677 991 noque
697 923 862 992 canopum
866 951 880 985 ,
900 927 968 972 aon
986 916 1152 996 punctos
1173 929 1243 975 nou

187 923 339 1068 loeullim
376 986 439 1077 qui
469 1010 536 1058 nou
562 984 963 1079 prensaverim'mnnuo',
994 1013 1056 1059 nec
1076 992 1242 1060 consalu·

186 1077 341 1151 tantiam
374 1071 541 1164 confusus
570 1096 715 1141 occursu
750 1088 816 1143 out
842 1100 911 1145 oua
945 1076 1071 1145 amicis
1097 1078 1244 1149 nomz'm

189 1184 257 1230 non
276 1157 510 1239 reddiderim,
541 1173 606 1228 aut
627 1160 751 1229 atiena
765 1161 1008 1252 imposuerim
1044 1165 1105 1252 qui
1126 1163 1243 1235 tribuo

168 1270 257 1314 non
284 1247 485 1327 circumivi,
515 1248 692 1315 centurias
719 1271 787 1318 non
812 1247 979 1332 adulavi,
1010 1249 1088 1316 iure
1105 1250 1243 1318 voeatis

190 1330 360 1399 elassibus
378 1356 448 1400 noa
468 1334 649 1414 intremui,
680 1332 771 1401 nitu
791 1357 871 1403 cum
892 1347 1063 1428 sequestre
1085 1332 1245 1426 deposui,

189 1441 271 1487 cum
291 1417 531 1488 diribitore
551 1420 604 1487 uil
648 1420 753 1522 refigi.

217 1554 221 1559 -
275 1504 501 1592 Symmachus
517 1443 650 1574 Laudi.
668 1529 705 1572 m
714 1508 831 1576 Patres
843 1506 901 1575 III.
914 1530 948 1599 p.
961 1509 1017 1576 40.
1034 1506 1089 1574 ed.
1098 1507 1147 1574 A.
1158 1506 1245 1585 Mai,

276 1591 396 1659 Intolli
421 1615 523 1658 amas
539 1591 652 1679 (rostri
666 1593 802 1659 saeculi
821 1591 927 1660 bona.-
947 1591 1045 1660 abest
1061 1615 1142 1661 cera
1163 1605 1246 1663 tur·-

187 1676 263 1773 pis,
278 1611 474 1830 [ᾷίνὶἱίιὶ
479 1702 499 1744 ο
520 1688 685 1776 corrupta
705 1679 950 1757 clientelarum
971 1679 1105 1766 cuneis,
1123 1679 1248 1750 sitella
1294 1726 1298 1753 ι

161 1786 277 1833 oeno
292 1787 345 1836 on.
1295 1776 1298 1789 '

278 1851 344 1918 His
365 1850 468 1929 locis,
490 1850 528 1918 in
549 1847 670 1936 quibus
685 1849 842 1918 omnibus
861 1850 903 1918 de
925 1847 1069 1919 comitiis
1088 1848 1246 1920 iudiciis-

192 1959 259 2024 que
283 1959 396 2007 sermo
419 1949 486 2019 est,
515 1936 676 2002 accedant
695 1937 752 2003 alii
773 1938 857 2017 duo,
894 1935 931 2006 in
952 1935 1074 2025 quibus
1094 1935 1172 2018 ¹aliu
1202 1934 1247 2004 dc

192 2044 230 2093 re
252 2022 395 2094 verbum
416 2021 565 2090 dirilrore
586 2045 667 2087 usur
692 2033 786 2088 atum
803 2023 983 2112 reperitur.

279 2107 470 2198 Appuleius
492 2108 635 2177 Metam.
657 2044 707 2186 Ili,
735 2111 788 2176 52.
810 2131 844 2196 p.
868 2111 942 2208 rio.
965 2104 1196 2189 ed.,0udend.

280 2192 351 2262 Hic
370 2195 501 2262 vitrum
512 2191 621 2283 sabra
641 2193 674 2260 ε’
704 2194 851 2275 ilatum,
871 2193 921 2266 olri
945 2193 1148 2282 crystallum
1168 2191 1240 2257 im·

191 2293 382 2369 punctum3
411 2294 597 2370 argentum
620 2216 711 2348 allii
726 2279 896 2379 clarum„
911 2291 947 2346 ot
967 2302 1095 2346 aurum
1105 2275 1239 2369 fulgu·

193 2391 295 2453 rano,
317 2378 352 2442 et
375 2371 554 2439 succinum
574 2367 662 2435 miro
685 2376 851 2435 novatum
880 2388 918 2431 m
938 2364 1099 2455 capides,
1126 2375 1166 2433 ut
1185 2361 1242 2430 bt-

379 2453 523 2541 uicquid
531 2449 621 2540 fieri
641 2477 709 2527 non
723 2461 859 2541 potest,
886 2449 936 2517 ibi
956 2463 1019 2518 est.
1062 2449 1244 2524 Diribi-

195 2551 313 2608 tores
336 2477 511 2629 uiuendi,
548 2537 725 2626 splendide
753 2536 894 2608 amicti.-
927 2532 1073 2626 fereula
1105 2537 1247 2626 copioso

191 2626 333 2723 puellae
370 2627 494 2694 scitule
536 2625 818 2707 subministrare,
859 2625 966 2713 pueri
1007 2622 1248 2691 calamistrati

191 2714 315 2811 pulcro
342 2712 530 2793 indusiati,
568 2732 729 2803 gemmas
752 2709 931 2799 formatas
958 2709 996 2780 in
1021 2709 1151 2804 pocula
1170 2708 1248 2782 viai

194 2799 325 2873 cernar·
335 2796 544 2895 frequenter
565 2798 702 2893 offerro.

278 2883 409 2959 Plinius
431 2888 476 2955 H.
496 2886 540 2950 N.
566 2885 607 2949 L.
630 2881 803 2952 XXXVI.
825 2882 863 2952 C.
883 2881 967 2953 XV.

281 2975 340 3038 En
361 2971 418 3037 ltic
439 2983 490 3038 eet
511 2968 572 3036 ille
593 2982 771 3036 terrorum
789 2968 917 3050 vietor,
944 2979 979 3035 et
1002 2965 1111 3035 totiuo
1131 2965 1249 3035 domu

193 3065 250 3159 tor
271 3054 380 3159 oriris,
409 3057 472 3153 qui
488 3067 608 3151 gentes
628 3065 663 3126 et
683 3077 795 3153 regno
816 3053 1107 3149 clirilret,‘iura
1128 3065 1247 3131 exter«,-

192 3164 249 3213 ms
269 3153 391 3210 mutu.

283 3225 450 3294 Omnibus
477 3223 530 3292 his
560 3226 643 3296 locis
671 3226 710 3294 iu
743 3226 941 3294 universum
971 3226 1156 3294 tenendum
1182 3237 1249 3312 est,·

195 3312 343 3402 optimos
372 3332 522 3400 quosque
552 3325 586 3381 et
618 3312 866 3402 antiquissimos
894 3312 1026 3382 codices
1052 3313 1247 3402 interpola-

193 3400 410 3488 tionibusque
430 3397 600 3468 immunes
621 3401 818 3480 lectionem,
848 3421 951 3487 quam
971 3400 1087 3488 posui,
1116 3399 1247 3466 confir-

127 3528 129 3533 ·
192 3510 306 3568 more,
340 3486 473 3576 peiores
493 3509 578 3554 vero
605 3498 639 3554 et
660 3486 880 3573 recentiores,
913 3486 1101 3574 glossisque
1121 3486 1247 3574 depru-

193 3586 288 3641 vatos
308 3596 373 3662 pro
393 3571 515 3651 verbo,
553 3593 621 3662 quo
643 3572 685 3639 de
704 3571 831 3661 agitur,
864 3583 922 3637 aut
942 3571 1132 3655 eiusmodi,
1176 3591 1245 3660 quo

195 3659 280 3727 illud
313 3659 474 3748 explicari
495 3659 538 3724 sit
565 3658 719 3741 solitum,
753 3657 878 3724 habere
908 3671 965 3726 aut
992 3660 1093 3748 plane
1120 3681 1245 3725 corru-

192 3759 313 3834 ptum,
348 3745 437 3833 quod
460 3759 571 3812 [amen
592 3746 706 3833 ipsum
728 3745 887 3832 proxime
913 3745 956 3810 ad
976 3745 1074 3815 verbi
1095 3743 1247 3815 diribera

67 3906 70 3911 ,
196 3832 316 3899 ductus
337 3830 481 3899 accedat.
523 3831 637 3918 Itaque
691 3831 821 3899 refecto
852 3830 1035 3900 absurdum
1065 3843 1131 3915 est,
1165 3831 1247 3901 licet

194 3943 285 3991 nnus
305 3929 436 3983 tentum
459 3918 567 3983 codex
596 3857 745 3987 diroiere
774 3917 947 4010 exhibent,
973 3917 1120 3986 aliorum
1140 3939 1247 4005 prae·

194 4005 287 4078 ferre
317 4004 472 4070 codicum
499 4004 682 4087 lectiones,
715 4004 916 4093 praesertim
946 4026 1026 4069 eum
1059 4002 1246 4090 videamuq

195 4091 338 4160 verbum
359 4089 462 4163 illud,
480 4091 653 4156 ran'ssimc
673 4099 885 4179 usurpatum,
907 4090 1053 4159 librariis
1078 4089 1247 4178 plerisun

193 4178 294 4266 plane
318 4177 527 4262 incognitum
548 4175 653 4242 fuisse
672 4176 817 4263 ideoque
838 4198 916 4243 eum
944 4177 1021 4244 aliis
1048 4176 1245 4247 nominibus

194 4264 236 4333 ab
264 4263 406 4333 indoctis
437 4260 561 4351 ubique
589 4261 661 4333 fero
686 4285 758 4334 osse
787 4274 1042 4334 commutatum.
1087 4263 1244 4331 statum
