2640 4748
1029 288 1134 369 cerr.

62 446 196 514 dudum
226 446 311 515 eP.
339 444 498 512 Mmutio
524 444 569 543 in¹
588 441 676 511 libro
704 440 747 511 de
775 438 930 514 Comitiie
957 445 1121 515 Ronmnie

62 535 103 601 C.
124 534 211 603 XV.
234 555 268 622 p.
292 535 366 617 527.
390 530 445 598 ed.
468 531 709 598 Grasvsrects
729 532 928 621 expositum
948 541 1043 600 esset.
1076 536 1120 603 Ei

60 623 177 690 tamen
198 617 404 702 rumfidem
418 618 545 701 babere
564 617 634 687 viri
654 618 759 702 docti,
781 619 839 706 qui
860 631 979 707 postes
1000 620 1123 688 cedem

61 707 106 773 de
131 730 171 772 re
192 706 431 794 scripserunt,
451 728 589 789 omnes,
618 717 785 794 quantum
806 705 891 790 scio,
921 706 1122 791 recusarint,
1169 787 1171 790 Α

58 817 133 861 non
153 792 212 858 abs
232 817 273 858 re
294 793 446 873 alienum
469 791 543 876 erit,
561 813 686 859 verum
696 791 843 858 Manutii
860 791 1027 858 iudicium
1047 816 1122 861 esse

57 879 273 968 gravioribus
296 880 520 968 comprobare
538 879 754 964 argumentis.
797 877 947 969 Appono
967 879 1122 968 primum

58 965 210 1039 Manutii
229 964 357 1047 verbs,
378 965 449 1051 {qui
464 966 489 1030 l.
510 966 534 1031 l.
554 965 640 1032 haec
661 962 813 1054 scripsit.

149 1052 306 1141 „Neque
326 1075 409 1118 vero
432 1051 473 1118 iis
494 1052 676 1133 assentior,
709 1053 767 1140 qui
788 1053 898 1120 cistae
923 1063 958 1119 et
983 1051 1121 1121 sitelloe
1204 1079 1207 1091 ¹
1282 1068 1290 1087 ¹

59 1139 213 1209 eundem
233 1138 393 1219 usumin
415 1139 561 1206 comitiis
581 1162 655 1206 esse
675 1144 818 1229 putant,
840 1148 919 1206 eum
940 1150 1121 1226 utramque

60 1251 126 1319 pro
153 1249 236 1292 vase
266 1227 553 1313 interpretentur,
600 1248 666 1313 quo
698 1227 840 1292 tabellae
875 1225 1122 1315 suffragiorum
1150 1230 1152 1241 '

61 1315 333 1383 continerentur.
389 1313 483 1379 Nam
514 1312 634 1380 sitella
670 1314 813 1387 nomine
842 1313 1017 1396 tribuum,
1062 1323 1122 1382 eut
1216 1310 1219 1317 ’

60 1401 300 1471 centuriarum
331 1399 541 1480 continebat,
574 1396 697 1489 quibus
732 1411 825 1467 sorte
860 1400 988 1467 eductis
1017 1424 1120 1467 suum

59 1488 351 1577 quoeque'locum
371 1485 498 1568 tribus,
521 1497 579 1554 aut
601 1485 752 1553 centuria
770 1487 807 1553 in
827 1482 970 1554 ferendo
993 1487 1122 1555 suflrav

56 1575 117 1663 gio
140 1586 300 1656 noverat,
332 1595 418 1660 quae
438 1574 564 1642 scilieet
584 1573 698 1663 prima
717 1585 823 1656 esset,
857 1594 943 1659 quse
964 1572 1120 1656 secunde,

51 1680 150 1749 tquus
171 1662 286 1741 tertia,
313 1659 488 1747 usquead
514 1662 704 1727 extremam
724 1660 847 1727 ordine
868 1672 1022 1740 servato,
1082 1658 1121 1727 ui
1172 1699 1178 1712 ·

58 1759 153 1816 sorte
173 1745 377 1849 contigisset.
421 1746 527 1834 Quod
546 1760 585 1814 ut
604 1747 653 1814 ite
680 1771 753 1815 esse
775 1747 930 1829 credam,
957 1746 1039 1814 fecit
1058 1680 1121 1812 di-

59 1856 163 1913 cero,
205 1857 265 1922 qu1
292 1834 441 1924 primam
470 1833 661 1903 centuriam
687 1844 780 1914 sorte
812 1835 990 1911 eductam,
1033 1818 1152 1920 quael
1267 1825 1270 1831 ’

56 1921 295 2026 praerogativa
315 1922 510 2005 dicebatur,
550 1931 694 1988 testetur
713 1920 903 2022 Philippica
922 1922 985 2003 IL,
1026 1917 1120 2008 quod

111 2029 173 2074 um
202 2008 292 2082 libro
311 2007 458 2092 XXIV,
489 2019 525 2075 et
552 2006 730 2077 XXXVII.
753 2007 875 2074 Livius
906 2006 1119 2096 comprobatl

100 2104 153 2162 ses
173 2105 289 2160 sutem
317 2106 427 2164 sortes
447 2097 485 2161 iu
507 2093 626 2164 sitella
653 2093 757 2162 fuisse
785 2094 890 2162 iidem
920 2093 1119 2182 significent.

94 2194 185 2249 oster
205 2182 342 2271 quidem
363 2183 402 2249 in
424 2182 580 2251 oratione
600 2200 667 2272 pro
688 2183 728 2251 O.
752 2181 931 2259 Cornelio,
953 2204 1039 2269 queo
1061 2179 1121 2261 inf·

56 2281 154 2356 tegra
174 2290 249 2334 non
272 2280 395 2351 exstat,
418 2269 469 2341 bis
492 2269 624 2337 Verbis:
657 2271 725 2338 Est
746 2268 868 2358 utique
889 2269 946 2335 ius
965 2264 1121 2345 vetandi,
1189 2267 1192 2275 ’

56 2379 141 2424 cum
161 2354 219 2421 lex
234 2352 371 2436 fertur,
394 2356 481 2420 dum
489 2354 629 2444 privati
648 2355 785 2431 dieunt,
808 2354 895 2420 dum
916 2354 1037 2422 sitella
1054 2354 1120 2419 cle·-

45 2441 194 2600 (artur,
216 2439 304 2507 dum
318 2453 520 2529 aequantur
536 2453 662 2524 sortes,
683 2443 769 2509 dum
790 2443 927 2508 sortitio
935 2437 1000 2530 fit.
1038 2440 1119 2526 Quo

38 2606 42 2613 ,
72 2551 135 2596 ooo
157 2529 200 2594 de
222 2527 378 2594 tribubus
408 2541 500 2594 sorte
522 2527 667 2606 eductis,
698 2552 745 2595 ex
765 2528 910 2595 Asconii
938 2550 1120 2601 commem
1168 2564 1170 2581 ι

54 2614 144 2683 tario
166 2615 396 2701 cognoscitur.·
435 2614 557 2681 Livius
578 2626 696 2681 autem
718 2615 766 2680 sic
783 2616 872 2682 libro
892 2616 1000 2683 XXV
1036 2611 1120 2679 Tri-

57 2700 144 2771 bum'
160 2702 336 2792 populum
357 2713 632 2784 summoverunt,
653 2701 838 2789 sitellaque
857 2701 973 2767 allata
995 2710 1056 2773 est,
1077 2710 1119 2765 ut

54 2788 276 2856 sortirentur.
319 2789 437 2876 Itaqu'e
462 2789 510 2855 sic
538 2799 649 2855 statuo
671 2800 773 2876 etque
802 2786 985 2869 concludo,
1022 2783 1119 2850 sitel⁴

32 2894 35 2899 '
55 2877 128 2944 lam
148 2873 268 2959 fuisse,
293 2873 385 2941 unde
405 2875 576 2955 tribuum,
607 2875 681 2953 sive
700 2874 948 2952 centuriarum,
977 2872 1121 2937 nomina

55 2973 149 3030 sorte
175 2962 416 3045 educerentur,
439 2974 476 3030 ut
496 2984 599 3028 suum
620 2984 774 3053 quaeque
794 2963 911 3027 locum
933 2960 972 3025 in
992 2957 1118 3024 suffre-

83 3049 115 3116 ὀ
129 3046 278 3115 'ferendo
292 3052 459 3130 servaret}
483 3071 564 3133 non,
585 3048 677 3115 unde
698 3060 853 3137 sumptae
867 3047 1019 3126 tabellae,
1040 3041 1120 3110 suf-

91 3136 246 3224 egiorum
259 3138 348 3202 notis
368 3135 878 3226 inscriptae,distribuerentur.
923 3133 1012 3200 Cirta
1033 3150 1127 3209 vero,

57 3222 252 3291 continebat
273 3245 329 3289 eas
348 3223 506 3295 tabelias,
534 3244 624 3310 quae
646 3225 720 3290 siue
742 3233 832 3288 sorte
852 3221 981 3288 viritim
1004 3218 1119 3285 tribu-

57 3309 140 3391 bus,
168 3322 225 3376 eut
247 3308 410 3376 centuriis
432 3308 672 3395 suffragiorum
702 3332 801 3375 causa
829 3307 1119 3375 ministrabantur.

57 3397 123 3478 Et,
144 3406 183 3461 ut
205 3395 333 3477 dicam,
354 3395 445 3498 quod
470 3397 599 3474 sentio,
627 3418 731 3484 quem
752 3388 867 3461 loculn
890 3417 935 3459 ex
957 3393 1052 3459 ¹libro
1072 3387 1119 3456 ed
1157 3424 1161 3429 ·
1218 3450 1250 3483 .·
1286 3403 1314 3450 Q

57 3482 277 3550 Herennium
304 3497 540 3559 recitemmus,
582 3482 621 3548 iu
644 3505 686 3548 eo
713 3481 789 3548 loco
816 3474 968 3550 sitellam
993 3477 1120 3566 potius,

56 3589 164 3659 quam
185 3569 357 3636 cistellam
377 3567 563 3659 legendum
581 3567 793 3635 crediderim.-
831 3571 925 3637 Nem
948 3576 981 3632 et
995 3561 1117 3630 Cicero
1234 3592 1242 3601 -

57 3677 132 3723 non
153 3655 196 3723 de
219 3656 372 3735 cistella,
403 3657 462 3739 sed
486 3656 527 3723 de
550 3655 669 3722 sitella
691 3656 804 3735 deleta
831 3653 883 3720 bis
905 3652 1119 3719 mentionem

57 3739 140 3808 fucit
167 3742 204 3808 iu
227 3764 266 3808 ea
291 3756 356 3831 'pro
386 3742 426 3810 O.
448 3744 608 3811 Cornelio
636 3743 806 3825 oratione,
853 3740 962 3827 deque
984 3740 1118 3805 Natura

56 3829 222 3896 Deorum
238 3829 328 3895 libro
348 3829 375 3895 I.
405 3840 440 3903 et
459 3830 581 3913 Livius
604 3829 723 3896 eodem
744 3828 817 3896 fere
841 3827 944 3894 modo
965 3824 1118 3912 loquitur
1163 3880 1166 3887 .

54 3916 134 3983 loro
156 3937 176 3981 e
197 3916 294 3984 nobis
309 3917 462 3983 recitato.
507 3916 557 3982 Ut
573 3917 666 3983 illam
683 3939 818 4003 quoque
830 3915 996 3981 rationem
1013 3909 1118 3975 omit·

57 4015 148 4080 tem,
185 4004 273 4090 quod
296 4004 338 4068 ad
368 4004 590 4070 continendas
611 4026 666 4069 eas
687 4004 844 4080 tabellas,
880 4023 966 4090 quae
987 3998 1118 4074 viritim

56 4087 191 4178 populo
215 4088 516 4167 distribuerentur,
537 4108 607 4156 nou
626 4113 697 4155 uua
715 4091 858 4168 cistelle,
881 4091 942 4154 sed
962 4083 1120 4176 pluribus

56 4177 148 4243 cistis
170 4176 257 4263 op'us
283 4189 388 4257 esset3
410 4176 557 4244 sortibus
578 4189 709 4258 eutem,
744 4177 816 4246 sive
839 4176 1009 4259 tribuum,
1044 4171 1119 4237 sive

54 4262 309 4344 centuriarum,
332 4286 400 4331 une
422 4263 534 4332 sitella
555 4262 763 4332 sufficeres
1052 4298 1079 4307 ··
